Task 1: Dataset=abalone, Model=cpda, Experiment=cpda_ntn_sweep
[2026-04-29 21:17:04,058][HYDRA] Launching 40 jobs locally
[2026-04-29 21:17:04,058][HYDRA] 	#0 : model.L=3 model.bond_dim=8 seed=42 trainer.ridge=5 trainer.ridge_decay=0.25 trainer.ridge_min=0.0001 +experiment=cpda_ntn_sweep model=cpda dataset=abalone
[2026-04-29 21:17:04,348][utils.tracking][INFO] - Loaded 16811 tracked runs from runs_tracking.csv
[2026-04-29 21:17:04,352][__main__][INFO] - ⏭ SKIP CPDA/abalone/NTN L=3 bd=8 seed=42 -> /zhome/6b/e/212868/GTN/outputs/ntn/abalone/CPDA_rg5_init0.1/L3_bd8_seed42 | completed val=0.5246
[2026-04-29 21:17:04,355][HYDRA] 	#1 : model.L=3 model.bond_dim=8 seed=10090 trainer.ridge=5 trainer.ridge_decay=0.25 trainer.ridge_min=0.0001 +experiment=cpda_ntn_sweep model=cpda dataset=abalone
[2026-04-29 21:17:04,523][__main__][INFO] - ⏭ SKIP CPDA/abalone/NTN L=3 bd=8 seed=10090 -> /zhome/6b/e/212868/GTN/outputs/ntn/abalone/CPDA_rg5_init0.1/L3_bd8_seed10090 | completed val=0.5261
[2026-04-29 21:17:04,526][HYDRA] 	#2 : model.L=3 model.bond_dim=8 seed=32874 trainer.ridge=5 trainer.ridge_decay=0.25 trainer.ridge_min=0.0001 +experiment=cpda_ntn_sweep model=cpda dataset=abalone
[2026-04-29 21:17:04,685][__main__][INFO] - ⏭ SKIP CPDA/abalone/NTN L=3 bd=8 seed=32874 -> /zhome/6b/e/212868/GTN/outputs/ntn/abalone/CPDA_rg5_init0.1/L3_bd8_seed32874 | completed val=0.5253
[2026-04-29 21:17:04,687][HYDRA] 	#3 : model.L=3 model.bond_dim=8 seed=47311 trainer.ridge=5 trainer.ridge_decay=0.25 trainer.ridge_min=0.0001 +experiment=cpda_ntn_sweep model=cpda dataset=abalone
[2026-04-29 21:17:04,847][__main__][INFO] - ⏭ SKIP CPDA/abalone/NTN L=3 bd=8 seed=47311 -> /zhome/6b/e/212868/GTN/outputs/ntn/abalone/CPDA_rg5_init0.1/L3_bd8_seed47311 | completed val=0.5422
[2026-04-29 21:17:04,850][HYDRA] 	#4 : model.L=3 model.bond_dim=8 seed=47303 trainer.ridge=5 trainer.ridge_decay=0.25 trainer.ridge_min=0.0001 +experiment=cpda_ntn_sweep model=cpda dataset=abalone
[2026-04-29 21:17:05,018][__main__][INFO] - ⏭ SKIP CPDA/abalone/NTN L=3 bd=8 seed=47303 -> /zhome/6b/e/212868/GTN/outputs/ntn/abalone/CPDA_rg5_init0.1/L3_bd8_seed47303 | completed val=0.5429
[2026-04-29 21:17:05,020][HYDRA] 	#5 : model.L=3 model.bond_dim=16 seed=42 trainer.ridge=5 trainer.ridge_decay=0.25 trainer.ridge_min=0.0001 +experiment=cpda_ntn_sweep model=cpda dataset=abalone
[2026-04-29 21:17:05,181][__main__][INFO] - ⏭ SKIP CPDA/abalone/NTN L=3 bd=16 seed=42 -> /zhome/6b/e/212868/GTN/outputs/ntn/abalone/CPDA_rg5_init0.1/L3_bd16_seed42 | completed val=0.5266
[2026-04-29 21:17:05,184][HYDRA] 	#6 : model.L=3 model.bond_dim=16 seed=10090 trainer.ridge=5 trainer.ridge_decay=0.25 trainer.ridge_min=0.0001 +experiment=cpda_ntn_sweep model=cpda dataset=abalone
[2026-04-29 21:17:05,369][__main__][INFO] - ⏭ SKIP CPDA/abalone/NTN L=3 bd=16 seed=10090 -> /zhome/6b/e/212868/GTN/outputs/ntn/abalone/CPDA_rg5_init0.1/L3_bd16_seed10090 | completed val=0.5317
[2026-04-29 21:17:05,372][HYDRA] 	#7 : model.L=3 model.bond_dim=16 seed=32874 trainer.ridge=5 trainer.ridge_decay=0.25 trainer.ridge_min=0.0001 +experiment=cpda_ntn_sweep model=cpda dataset=abalone
[2026-04-29 21:17:05,542][__main__][INFO] - ⏭ SKIP CPDA/abalone/NTN L=3 bd=16 seed=32874 -> /zhome/6b/e/212868/GTN/outputs/ntn/abalone/CPDA_rg5_init0.1/L3_bd16_seed32874 | completed val=0.5289
[2026-04-29 21:17:05,544][HYDRA] 	#8 : model.L=3 model.bond_dim=16 seed=47311 trainer.ridge=5 trainer.ridge_decay=0.25 trainer.ridge_min=0.0001 +experiment=cpda_ntn_sweep model=cpda dataset=abalone
[2026-04-29 21:17:05,716][__main__][INFO] - ⏭ SKIP CPDA/abalone/NTN L=3 bd=16 seed=47311 -> /zhome/6b/e/212868/GTN/outputs/ntn/abalone/CPDA_rg5_init0.1/L3_bd16_seed47311 | completed val=0.5213
[2026-04-29 21:17:05,719][HYDRA] 	#9 : model.L=3 model.bond_dim=16 seed=47303 trainer.ridge=5 trainer.ridge_decay=0.25 trainer.ridge_min=0.0001 +experiment=cpda_ntn_sweep model=cpda dataset=abalone
[2026-04-29 21:17:05,885][__main__][INFO] - ⏭ SKIP CPDA/abalone/NTN L=3 bd=16 seed=47303 -> /zhome/6b/e/212868/GTN/outputs/ntn/abalone/CPDA_rg5_init0.1/L3_bd16_seed47303 | completed val=0.5271
[2026-04-29 21:17:05,888][HYDRA] 	#10 : model.L=3 model.bond_dim=32 seed=42 trainer.ridge=5 trainer.ridge_decay=0.25 trainer.ridge_min=0.0001 +experiment=cpda_ntn_sweep model=cpda dataset=abalone
[2026-04-29 21:17:06,056][__main__][INFO] - ⏭ SKIP CPDA/abalone/NTN L=3 bd=32 seed=42 -> /zhome/6b/e/212868/GTN/outputs/ntn/abalone/CPDA_rg5_init0.1/L3_bd32_seed42 | completed val=0.5360
[2026-04-29 21:17:06,058][HYDRA] 	#11 : model.L=3 model.bond_dim=32 seed=10090 trainer.ridge=5 trainer.ridge_decay=0.25 trainer.ridge_min=0.0001 +experiment=cpda_ntn_sweep model=cpda dataset=abalone
[2026-04-29 21:17:06,220][__main__][INFO] - ⏭ SKIP CPDA/abalone/NTN L=3 bd=32 seed=10090 -> /zhome/6b/e/212868/GTN/outputs/ntn/abalone/CPDA_rg5_init0.1/L3_bd32_seed10090 | completed val=0.5210
[2026-04-29 21:17:06,222][HYDRA] 	#12 : model.L=3 model.bond_dim=32 seed=32874 trainer.ridge=5 trainer.ridge_decay=0.25 trainer.ridge_min=0.0001 +experiment=cpda_ntn_sweep model=cpda dataset=abalone
[2026-04-29 21:17:06,406][__main__][INFO] - ⏭ SKIP CPDA/abalone/NTN L=3 bd=32 seed=32874 -> /zhome/6b/e/212868/GTN/outputs/ntn/abalone/CPDA_rg5_init0.1/L3_bd32_seed32874 | completed val=0.5366
[2026-04-29 21:17:06,408][HYDRA] 	#13 : model.L=3 model.bond_dim=32 seed=47311 trainer.ridge=5 trainer.ridge_decay=0.25 trainer.ridge_min=0.0001 +experiment=cpda_ntn_sweep model=cpda dataset=abalone
[2026-04-29 21:17:06,569][__main__][INFO] - ⏭ SKIP CPDA/abalone/NTN L=3 bd=32 seed=47311 -> /zhome/6b/e/212868/GTN/outputs/ntn/abalone/CPDA_rg5_init0.1/L3_bd32_seed47311 | completed val=0.5250
[2026-04-29 21:17:06,572][HYDRA] 	#14 : model.L=3 model.bond_dim=32 seed=47303 trainer.ridge=5 trainer.ridge_decay=0.25 trainer.ridge_min=0.0001 +experiment=cpda_ntn_sweep model=cpda dataset=abalone
[2026-04-29 21:17:06,754][__main__][INFO] - ⏭ SKIP CPDA/abalone/NTN L=3 bd=32 seed=47303 -> /zhome/6b/e/212868/GTN/outputs/ntn/abalone/CPDA_rg5_init0.1/L3_bd32_seed47303 | completed val=0.5333
[2026-04-29 21:17:06,756][HYDRA] 	#15 : model.L=3 model.bond_dim=64 seed=42 trainer.ridge=5 trainer.ridge_decay=0.25 trainer.ridge_min=0.0001 +experiment=cpda_ntn_sweep model=cpda dataset=abalone
[2026-04-29 21:17:06,928][__main__][INFO] - ⏭ SKIP CPDA/abalone/NTN L=3 bd=64 seed=42 -> /zhome/6b/e/212868/GTN/outputs/ntn/abalone/CPDA_rg5_init0.1/L3_bd64_seed42 | completed val=0.5328
[2026-04-29 21:17:06,931][HYDRA] 	#16 : model.L=3 model.bond_dim=64 seed=10090 trainer.ridge=5 trainer.ridge_decay=0.25 trainer.ridge_min=0.0001 +experiment=cpda_ntn_sweep model=cpda dataset=abalone
[2026-04-29 21:17:07,093][__main__][INFO] - ⏭ SKIP CPDA/abalone/NTN L=3 bd=64 seed=10090 -> /zhome/6b/e/212868/GTN/outputs/ntn/abalone/CPDA_rg5_init0.1/L3_bd64_seed10090 | completed val=0.5385
[2026-04-29 21:17:07,096][HYDRA] 	#17 : model.L=3 model.bond_dim=64 seed=32874 trainer.ridge=5 trainer.ridge_decay=0.25 trainer.ridge_min=0.0001 +experiment=cpda_ntn_sweep model=cpda dataset=abalone
[2026-04-29 21:17:07,259][__main__][INFO] - ⏭ SKIP CPDA/abalone/NTN L=3 bd=64 seed=32874 -> /zhome/6b/e/212868/GTN/outputs/ntn/abalone/CPDA_rg5_init0.1/L3_bd64_seed32874 | completed val=0.5294
[2026-04-29 21:17:07,262][HYDRA] 	#18 : model.L=3 model.bond_dim=64 seed=47311 trainer.ridge=5 trainer.ridge_decay=0.25 trainer.ridge_min=0.0001 +experiment=cpda_ntn_sweep model=cpda dataset=abalone
[2026-04-29 21:17:07,426][__main__][INFO] - ⏭ SKIP CPDA/abalone/NTN L=3 bd=64 seed=47311 -> /zhome/6b/e/212868/GTN/outputs/ntn/abalone/CPDA_rg5_init0.1/L3_bd64_seed47311 | completed val=0.5200
[2026-04-29 21:17:07,429][HYDRA] 	#19 : model.L=3 model.bond_dim=64 seed=47303 trainer.ridge=5 trainer.ridge_decay=0.25 trainer.ridge_min=0.0001 +experiment=cpda_ntn_sweep model=cpda dataset=abalone
[2026-04-29 21:17:07,590][__main__][INFO] - ⏭ SKIP CPDA/abalone/NTN L=3 bd=64 seed=47303 -> /zhome/6b/e/212868/GTN/outputs/ntn/abalone/CPDA_rg5_init0.1/L3_bd64_seed47303 | completed val=0.5288
[2026-04-29 21:17:07,592][HYDRA] 	#20 : model.L=4 model.bond_dim=8 seed=42 trainer.ridge=5 trainer.ridge_decay=0.25 trainer.ridge_min=0.0001 +experiment=cpda_ntn_sweep model=cpda dataset=abalone
[2026-04-29 21:17:07,755][__main__][INFO] - ⏭ SKIP CPDA/abalone/NTN L=4 bd=8 seed=42 -> /zhome/6b/e/212868/GTN/outputs/ntn/abalone/CPDA_rg5_init0.1/L4_bd8_seed42 | completed val=0.5058
[2026-04-29 21:17:07,757][HYDRA] 	#21 : model.L=4 model.bond_dim=8 seed=10090 trainer.ridge=5 trainer.ridge_decay=0.25 trainer.ridge_min=0.0001 +experiment=cpda_ntn_sweep model=cpda dataset=abalone
[2026-04-29 21:17:07,919][__main__][INFO] - ⏭ SKIP CPDA/abalone/NTN L=4 bd=8 seed=10090 -> /zhome/6b/e/212868/GTN/outputs/ntn/abalone/CPDA_rg5_init0.1/L4_bd8_seed10090 | completed val=0.5058
[2026-04-29 21:17:07,922][HYDRA] 	#22 : model.L=4 model.bond_dim=8 seed=32874 trainer.ridge=5 trainer.ridge_decay=0.25 trainer.ridge_min=0.0001 +experiment=cpda_ntn_sweep model=cpda dataset=abalone
[2026-04-29 21:17:08,083][__main__][INFO] - ⏭ SKIP CPDA/abalone/NTN L=4 bd=8 seed=32874 -> /zhome/6b/e/212868/GTN/outputs/ntn/abalone/CPDA_rg5_init0.1/L4_bd8_seed32874 | completed val=0.5043
[2026-04-29 21:17:08,086][HYDRA] 	#23 : model.L=4 model.bond_dim=8 seed=47311 trainer.ridge=5 trainer.ridge_decay=0.25 trainer.ridge_min=0.0001 +experiment=cpda_ntn_sweep model=cpda dataset=abalone
[2026-04-29 21:17:08,246][__main__][INFO] - ⏭ SKIP CPDA/abalone/NTN L=4 bd=8 seed=47311 -> /zhome/6b/e/212868/GTN/outputs/ntn/abalone/CPDA_rg5_init0.1/L4_bd8_seed47311 | completed val=0.5041
[2026-04-29 21:17:08,250][HYDRA] 	#24 : model.L=4 model.bond_dim=8 seed=47303 trainer.ridge=5 trainer.ridge_decay=0.25 trainer.ridge_min=0.0001 +experiment=cpda_ntn_sweep model=cpda dataset=abalone
[2026-04-29 21:17:08,721][__main__][INFO] - ⏭ SKIP CPDA/abalone/NTN L=4 bd=8 seed=47303 -> /zhome/6b/e/212868/GTN/outputs/ntn/abalone/CPDA_rg5_init0.1/L4_bd8_seed47303 | completed val=0.4991
[2026-04-29 21:17:08,723][HYDRA] 	#25 : model.L=4 model.bond_dim=16 seed=42 trainer.ridge=5 trainer.ridge_decay=0.25 trainer.ridge_min=0.0001 +experiment=cpda_ntn_sweep model=cpda dataset=abalone
[2026-04-29 21:17:08,902][__main__][INFO] - ⏭ SKIP CPDA/abalone/NTN L=4 bd=16 seed=42 -> /zhome/6b/e/212868/GTN/outputs/ntn/abalone/CPDA_rg5_init0.1/L4_bd16_seed42 | completed val=0.5084
[2026-04-29 21:17:08,904][HYDRA] 	#26 : model.L=4 model.bond_dim=16 seed=10090 trainer.ridge=5 trainer.ridge_decay=0.25 trainer.ridge_min=0.0001 +experiment=cpda_ntn_sweep model=cpda dataset=abalone
[2026-04-29 21:17:09,067][__main__][INFO] - ⏭ SKIP CPDA/abalone/NTN L=4 bd=16 seed=10090 -> /zhome/6b/e/212868/GTN/outputs/ntn/abalone/CPDA_rg5_init0.1/L4_bd16_seed10090 | completed val=0.5204
[2026-04-29 21:17:09,070][HYDRA] 	#27 : model.L=4 model.bond_dim=16 seed=32874 trainer.ridge=5 trainer.ridge_decay=0.25 trainer.ridge_min=0.0001 +experiment=cpda_ntn_sweep model=cpda dataset=abalone
[2026-04-29 21:17:09,229][__main__][INFO] - ⏭ SKIP CPDA/abalone/NTN L=4 bd=16 seed=32874 -> /zhome/6b/e/212868/GTN/outputs/ntn/abalone/CPDA_rg5_init0.1/L4_bd16_seed32874 | completed val=0.5111
[2026-04-29 21:17:09,232][HYDRA] 	#28 : model.L=4 model.bond_dim=16 seed=47311 trainer.ridge=5 trainer.ridge_decay=0.25 trainer.ridge_min=0.0001 +experiment=cpda_ntn_sweep model=cpda dataset=abalone
[2026-04-29 21:17:09,392][__main__][INFO] - ⏭ SKIP CPDA/abalone/NTN L=4 bd=16 seed=47311 -> /zhome/6b/e/212868/GTN/outputs/ntn/abalone/CPDA_rg5_init0.1/L4_bd16_seed47311 | completed val=0.5091
[2026-04-29 21:17:09,394][HYDRA] 	#29 : model.L=4 model.bond_dim=16 seed=47303 trainer.ridge=5 trainer.ridge_decay=0.25 trainer.ridge_min=0.0001 +experiment=cpda_ntn_sweep model=cpda dataset=abalone
[2026-04-29 21:17:09,557][__main__][INFO] - ⏭ SKIP CPDA/abalone/NTN L=4 bd=16 seed=47303 -> /zhome/6b/e/212868/GTN/outputs/ntn/abalone/CPDA_rg5_init0.1/L4_bd16_seed47303 | completed val=0.5100
[2026-04-29 21:17:09,559][HYDRA] 	#30 : model.L=4 model.bond_dim=32 seed=42 trainer.ridge=5 trainer.ridge_decay=0.25 trainer.ridge_min=0.0001 +experiment=cpda_ntn_sweep model=cpda dataset=abalone
[2026-04-29 21:17:09,724][__main__][INFO] - ⏭ SKIP CPDA/abalone/NTN L=4 bd=32 seed=42 -> /zhome/6b/e/212868/GTN/outputs/ntn/abalone/CPDA_rg5_init0.1/L4_bd32_seed42 | completed val=0.5111
[2026-04-29 21:17:09,726][HYDRA] 	#31 : model.L=4 model.bond_dim=32 seed=10090 trainer.ridge=5 trainer.ridge_decay=0.25 trainer.ridge_min=0.0001 +experiment=cpda_ntn_sweep model=cpda dataset=abalone
[2026-04-29 21:17:09,901][__main__][INFO] - ⏭ SKIP CPDA/abalone/NTN L=4 bd=32 seed=10090 -> /zhome/6b/e/212868/GTN/outputs/ntn/abalone/CPDA_rg5_init0.1/L4_bd32_seed10090 | completed val=0.5323
[2026-04-29 21:17:09,904][HYDRA] 	#32 : model.L=4 model.bond_dim=32 seed=32874 trainer.ridge=5 trainer.ridge_decay=0.25 trainer.ridge_min=0.0001 +experiment=cpda_ntn_sweep model=cpda dataset=abalone
[2026-04-29 21:17:10,089][__main__][INFO] - ⏭ SKIP CPDA/abalone/NTN L=4 bd=32 seed=32874 -> /zhome/6b/e/212868/GTN/outputs/ntn/abalone/CPDA_rg5_init0.1/L4_bd32_seed32874 | completed val=0.4997
[2026-04-29 21:17:10,092][HYDRA] 	#33 : model.L=4 model.bond_dim=32 seed=47311 trainer.ridge=5 trainer.ridge_decay=0.25 trainer.ridge_min=0.0001 +experiment=cpda_ntn_sweep model=cpda dataset=abalone
[2026-04-29 21:17:10,264][__main__][INFO] - ⏭ SKIP CPDA/abalone/NTN L=4 bd=32 seed=47311 -> /zhome/6b/e/212868/GTN/outputs/ntn/abalone/CPDA_rg5_init0.1/L4_bd32_seed47311 | completed val=0.5378
[2026-04-29 21:17:10,266][HYDRA] 	#34 : model.L=4 model.bond_dim=32 seed=47303 trainer.ridge=5 trainer.ridge_decay=0.25 trainer.ridge_min=0.0001 +experiment=cpda_ntn_sweep model=cpda dataset=abalone
[2026-04-29 21:17:10,425][__main__][INFO] - ⏭ SKIP CPDA/abalone/NTN L=4 bd=32 seed=47303 -> /zhome/6b/e/212868/GTN/outputs/ntn/abalone/CPDA_rg5_init0.1/L4_bd32_seed47303 | completed val=0.5364
[2026-04-29 21:17:10,428][HYDRA] 	#35 : model.L=4 model.bond_dim=64 seed=42 trainer.ridge=5 trainer.ridge_decay=0.25 trainer.ridge_min=0.0001 +experiment=cpda_ntn_sweep model=cpda dataset=abalone
[2026-04-29 21:17:10,588][__main__][INFO] - ⏭ SKIP CPDA/abalone/NTN L=4 bd=64 seed=42 -> /zhome/6b/e/212868/GTN/outputs/ntn/abalone/CPDA_rg5_init0.1/L4_bd64_seed42 | completed val=0.5394
[2026-04-29 21:17:10,591][HYDRA] 	#36 : model.L=4 model.bond_dim=64 seed=10090 trainer.ridge=5 trainer.ridge_decay=0.25 trainer.ridge_min=0.0001 +experiment=cpda_ntn_sweep model=cpda dataset=abalone
[2026-04-29 21:17:10,763][__main__][INFO] - ⏭ SKIP CPDA/abalone/NTN L=4 bd=64 seed=10090 -> /zhome/6b/e/212868/GTN/outputs/ntn/abalone/CPDA_rg5_init0.1/L4_bd64_seed10090 | completed val=0.5048
[2026-04-29 21:17:10,766][HYDRA] 	#37 : model.L=4 model.bond_dim=64 seed=32874 trainer.ridge=5 trainer.ridge_decay=0.25 trainer.ridge_min=0.0001 +experiment=cpda_ntn_sweep model=cpda dataset=abalone
[2026-04-29 21:17:10,939][__main__][INFO] - ⏭ SKIP CPDA/abalone/NTN L=4 bd=64 seed=32874 -> /zhome/6b/e/212868/GTN/outputs/ntn/abalone/CPDA_rg5_init0.1/L4_bd64_seed32874 | completed val=0.5181
[2026-04-29 21:17:10,942][HYDRA] 	#38 : model.L=4 model.bond_dim=64 seed=47311 trainer.ridge=5 trainer.ridge_decay=0.25 trainer.ridge_min=0.0001 +experiment=cpda_ntn_sweep model=cpda dataset=abalone
[2026-04-29 21:17:11,118][__main__][INFO] - ⏭ SKIP CPDA/abalone/NTN L=4 bd=64 seed=47311 -> /zhome/6b/e/212868/GTN/outputs/ntn/abalone/CPDA_rg5_init0.1/L4_bd64_seed47311 | completed val=0.5129
[2026-04-29 21:17:11,121][HYDRA] 	#39 : model.L=4 model.bond_dim=64 seed=47303 trainer.ridge=5 trainer.ridge_decay=0.25 trainer.ridge_min=0.0001 +experiment=cpda_ntn_sweep model=cpda dataset=abalone
[2026-04-29 21:17:11,296][__main__][INFO] - ⏭ SKIP CPDA/abalone/NTN L=4 bd=64 seed=47303 -> /zhome/6b/e/212868/GTN/outputs/ntn/abalone/CPDA_rg5_init0.1/L4_bd64_seed47303 | completed val=0.5413

------------------------------------------------------------
Sender: LSF System <lsfadmin@hpc.dtu.dk>
Subject: Job 28327591[1]: <ntn_grid_full[1-130]%15> in cluster <dcc> Done

Job <ntn_grid_full[1-130]%15> was submitted from host <hpclogin1> by user <nicci> in cluster <dcc> at Wed Apr 29 21:16:35 2026
Job was executed on host(s) <6*n-62-30-25>, in queue <hpc>, as user <nicci> in cluster <dcc> at Wed Apr 29 21:16:37 2026
</zhome/6b/e/212868> was used as the home directory.
</zhome/6b/e/212868/GTN> was used as the working directory.
Started at Wed Apr 29 21:16:37 2026
Terminated at Wed Apr 29 21:17:13 2026
Results reported at Wed Apr 29 21:17:13 2026

Your job looked like:

------------------------------------------------------------
# LSBATCH: User input
#!/bin/bash
#BSUB -q hpc
#BSUB -J "ntn_grid_full[1-130]%15"
#BSUB -W 8:00
#BSUB -n 6
#BSUB -R "rusage[mem=2GB]"
#BSUB -R "span[hosts=1]"
#BSUB -o logs/%J_%I.out
#BSUB -e logs/%J_%I.err

MODELS=("cpda" "cpda_typei" "lmpo2" "lmpo2_typei" "mpo2" "mpo2_typei" "mmpo2" "mmpo2_typei" "tnml_f" "tnml_p")

DATASETS=(
    "abalone" "adult" "ai4i" "appliances" "bank" "bike" "breast"
    "car_evaluation" "concrete" "energy_efficiency" "hearth"
    "iris" "mushrooms" "obesity" "popularity" "realstate"
    "seoulBike" "student_dropout" "student_perf" "wine"
    "winequalityc"
)

COMPLETED_DATASETS=(
    "bike" "concrete" "energy_efficiency"
    "iris" "obesity" "realstate" "seoulBike" "student_perf"
)

# Filter datasets
FILTERED_DATASETS=()
for ds in "${DATASETS[@]}"; do
    skip=false
    for completed in "${COMPLETED_DATASETS[@]}"; do
        if [[ "$ds" == "$completed" ]]; then
            skip=true
            break
        fi
    done

    if ! $skip; then
        FILTERED_DATASETS+=("$ds")
    fi
done

DATASETS=("${FILTERED_DATASETS[@]}")

NUM_MODELS=${#MODELS[@]}
NUM_DATASETS=${#DATASETS[@]}
NUM_EXPERIMENTS=$((NUM_DATASETS * NUM_MODELS))

if [ "$1" == "test" ]; then
    echo "SIMULATING ARRAY:"
    echo "-----------------"

(... more ...)
------------------------------------------------------------

Successfully completed.

Resource usage summary:

    CPU time :                                   20.00 sec.
    Max Memory :                                 290 MB
    Average Memory :                             290.00 MB
    Total Requested Memory :                     12288.00 MB
    Delta Memory :                               11998.00 MB
    Max Swap :                                   -
    Max Processes :                              4
    Max Threads :                                15
    Run time :                                   36 sec.
    Turnaround time :                            38 sec.

The output (if any) is above this job summary.



PS:

Read file <logs/28327591_1.err> for stderr output of this job.

