Task 1: Dataset=abalone, Model=bosonmps, Experiment=uci_gtn_sweep
[2026-04-30 14:50:36,197][HYDRA] Launching 30 jobs locally
[2026-04-30 14:50:36,198][HYDRA] 	#0 : model.L=3 model.bond_dim=4 seed=42 trainer.lr=0.005 trainer.ridge=0.005 trainer.optimizer=adamw +experiment=uci_gtn_sweep model=bosonmps dataset=abalone
[2026-04-30 14:50:36,675][utils.tracking][INFO] - Loaded 17126 tracked runs from runs_tracking.csv
[2026-04-30 14:50:36,677][__main__][INFO] - ▶ RUN BosonMPS/abalone/GTN L=3 bd=4 seed=42 -> /zhome/6b/e/212868/GTN/outputs/gtn/abalone/BosonMPS_rg0.005_init0.1/L3_bd4_seed42
[2026-04-30 14:52:00,925][__main__][INFO] - Early stopping at epoch 256 (no improvement for 100 epochs)
[2026-04-30 14:52:00,938][__main__][INFO] - ✓ DONE BosonMPS/abalone/GTN L=3 bd=4 seed=42 -> /zhome/6b/e/212868/GTN/outputs/gtn/abalone/BosonMPS_rg0.005_init0.1/L3_bd4_seed42 | val=0.5315
[2026-04-30 14:52:00,941][HYDRA] 	#1 : model.L=3 model.bond_dim=4 seed=10090 trainer.lr=0.005 trainer.ridge=0.005 trainer.optimizer=adamw +experiment=uci_gtn_sweep model=bosonmps dataset=abalone
[2026-04-30 14:52:01,115][__main__][INFO] - ▶ RUN BosonMPS/abalone/GTN L=3 bd=4 seed=10090 -> /zhome/6b/e/212868/GTN/outputs/gtn/abalone/BosonMPS_rg0.005_init0.1/L3_bd4_seed10090
[2026-04-30 14:52:31,918][__main__][INFO] - Early stopping at epoch 339 (no improvement for 100 epochs)
[2026-04-30 14:52:31,930][__main__][INFO] - ✓ DONE BosonMPS/abalone/GTN L=3 bd=4 seed=10090 -> /zhome/6b/e/212868/GTN/outputs/gtn/abalone/BosonMPS_rg0.005_init0.1/L3_bd4_seed10090 | val=0.5363
[2026-04-30 14:52:31,932][HYDRA] 	#2 : model.L=3 model.bond_dim=4 seed=32874 trainer.lr=0.005 trainer.ridge=0.005 trainer.optimizer=adamw +experiment=uci_gtn_sweep model=bosonmps dataset=abalone
[2026-04-30 14:52:32,088][__main__][INFO] - ▶ RUN BosonMPS/abalone/GTN L=3 bd=4 seed=32874 -> /zhome/6b/e/212868/GTN/outputs/gtn/abalone/BosonMPS_rg0.005_init0.1/L3_bd4_seed32874
[2026-04-30 14:53:03,607][__main__][INFO] - Early stopping at epoch 321 (no improvement for 100 epochs)
[2026-04-30 14:53:03,619][__main__][INFO] - ✓ DONE BosonMPS/abalone/GTN L=3 bd=4 seed=32874 -> /zhome/6b/e/212868/GTN/outputs/gtn/abalone/BosonMPS_rg0.005_init0.1/L3_bd4_seed32874 | val=0.5387
[2026-04-30 14:53:03,622][HYDRA] 	#3 : model.L=3 model.bond_dim=4 seed=47311 trainer.lr=0.005 trainer.ridge=0.005 trainer.optimizer=adamw +experiment=uci_gtn_sweep model=bosonmps dataset=abalone
[2026-04-30 14:53:03,793][__main__][INFO] - ▶ RUN BosonMPS/abalone/GTN L=3 bd=4 seed=47311 -> /zhome/6b/e/212868/GTN/outputs/gtn/abalone/BosonMPS_rg0.005_init0.1/L3_bd4_seed47311
[2026-04-30 14:53:37,942][__main__][INFO] - Early stopping at epoch 352 (no improvement for 100 epochs)
[2026-04-30 14:53:37,955][__main__][INFO] - ✓ DONE BosonMPS/abalone/GTN L=3 bd=4 seed=47311 -> /zhome/6b/e/212868/GTN/outputs/gtn/abalone/BosonMPS_rg0.005_init0.1/L3_bd4_seed47311 | val=0.5377
[2026-04-30 14:53:37,958][HYDRA] 	#4 : model.L=3 model.bond_dim=4 seed=47303 trainer.lr=0.005 trainer.ridge=0.005 trainer.optimizer=adamw +experiment=uci_gtn_sweep model=bosonmps dataset=abalone
[2026-04-30 14:53:38,118][__main__][INFO] - ▶ RUN BosonMPS/abalone/GTN L=3 bd=4 seed=47303 -> /zhome/6b/e/212868/GTN/outputs/gtn/abalone/BosonMPS_rg0.005_init0.1/L3_bd4_seed47303
[2026-04-30 14:54:05,836][__main__][INFO] - Early stopping at epoch 295 (no improvement for 100 epochs)
[2026-04-30 14:54:05,847][__main__][INFO] - ✓ DONE BosonMPS/abalone/GTN L=3 bd=4 seed=47303 -> /zhome/6b/e/212868/GTN/outputs/gtn/abalone/BosonMPS_rg0.005_init0.1/L3_bd4_seed47303 | val=0.5339
[2026-04-30 14:54:05,850][HYDRA] 	#5 : model.L=3 model.bond_dim=8 seed=42 trainer.lr=0.005 trainer.ridge=0.005 trainer.optimizer=adamw +experiment=uci_gtn_sweep model=bosonmps dataset=abalone
[2026-04-30 14:54:06,013][__main__][INFO] - ▶ RUN BosonMPS/abalone/GTN L=3 bd=8 seed=42 -> /zhome/6b/e/212868/GTN/outputs/gtn/abalone/BosonMPS_rg0.005_init0.1/L3_bd8_seed42
[2026-04-30 14:54:40,252][__main__][INFO] - Early stopping at epoch 252 (no improvement for 100 epochs)
[2026-04-30 14:54:40,263][__main__][INFO] - ✓ DONE BosonMPS/abalone/GTN L=3 bd=8 seed=42 -> /zhome/6b/e/212868/GTN/outputs/gtn/abalone/BosonMPS_rg0.005_init0.1/L3_bd8_seed42 | val=0.5372
[2026-04-30 14:54:40,266][HYDRA] 	#6 : model.L=3 model.bond_dim=8 seed=10090 trainer.lr=0.005 trainer.ridge=0.005 trainer.optimizer=adamw +experiment=uci_gtn_sweep model=bosonmps dataset=abalone
[2026-04-30 14:54:40,436][__main__][INFO] - ▶ RUN BosonMPS/abalone/GTN L=3 bd=8 seed=10090 -> /zhome/6b/e/212868/GTN/outputs/gtn/abalone/BosonMPS_rg0.005_init0.1/L3_bd8_seed10090
[2026-04-30 14:55:17,960][__main__][INFO] - Early stopping at epoch 298 (no improvement for 100 epochs)
[2026-04-30 14:55:17,971][__main__][INFO] - ✓ DONE BosonMPS/abalone/GTN L=3 bd=8 seed=10090 -> /zhome/6b/e/212868/GTN/outputs/gtn/abalone/BosonMPS_rg0.005_init0.1/L3_bd8_seed10090 | val=0.5306
[2026-04-30 14:55:17,974][HYDRA] 	#7 : model.L=3 model.bond_dim=8 seed=32874 trainer.lr=0.005 trainer.ridge=0.005 trainer.optimizer=adamw +experiment=uci_gtn_sweep model=bosonmps dataset=abalone
[2026-04-30 14:55:18,133][__main__][INFO] - ▶ RUN BosonMPS/abalone/GTN L=3 bd=8 seed=32874 -> /zhome/6b/e/212868/GTN/outputs/gtn/abalone/BosonMPS_rg0.005_init0.1/L3_bd8_seed32874
[2026-04-30 14:55:48,330][__main__][INFO] - Early stopping at epoch 281 (no improvement for 100 epochs)
[2026-04-30 14:55:48,341][__main__][INFO] - ✓ DONE BosonMPS/abalone/GTN L=3 bd=8 seed=32874 -> /zhome/6b/e/212868/GTN/outputs/gtn/abalone/BosonMPS_rg0.005_init0.1/L3_bd8_seed32874 | val=0.5350
[2026-04-30 14:55:48,344][HYDRA] 	#8 : model.L=3 model.bond_dim=8 seed=47311 trainer.lr=0.005 trainer.ridge=0.005 trainer.optimizer=adamw +experiment=uci_gtn_sweep model=bosonmps dataset=abalone
[2026-04-30 14:55:48,511][__main__][INFO] - ▶ RUN BosonMPS/abalone/GTN L=3 bd=8 seed=47311 -> /zhome/6b/e/212868/GTN/outputs/gtn/abalone/BosonMPS_rg0.005_init0.1/L3_bd8_seed47311
[2026-04-30 14:56:30,629][__main__][INFO] - Early stopping at epoch 306 (no improvement for 100 epochs)
[2026-04-30 14:56:30,644][__main__][INFO] - ✓ DONE BosonMPS/abalone/GTN L=3 bd=8 seed=47311 -> /zhome/6b/e/212868/GTN/outputs/gtn/abalone/BosonMPS_rg0.005_init0.1/L3_bd8_seed47311 | val=0.5386
[2026-04-30 14:56:30,650][HYDRA] 	#9 : model.L=3 model.bond_dim=8 seed=47303 trainer.lr=0.005 trainer.ridge=0.005 trainer.optimizer=adamw +experiment=uci_gtn_sweep model=bosonmps dataset=abalone
[2026-04-30 14:56:30,816][__main__][INFO] - ▶ RUN BosonMPS/abalone/GTN L=3 bd=8 seed=47303 -> /zhome/6b/e/212868/GTN/outputs/gtn/abalone/BosonMPS_rg0.005_init0.1/L3_bd8_seed47303
[2026-04-30 14:57:07,500][__main__][INFO] - Early stopping at epoch 362 (no improvement for 100 epochs)
[2026-04-30 14:57:07,561][__main__][INFO] - ✓ DONE BosonMPS/abalone/GTN L=3 bd=8 seed=47303 -> /zhome/6b/e/212868/GTN/outputs/gtn/abalone/BosonMPS_rg0.005_init0.1/L3_bd8_seed47303 | val=0.5258
[2026-04-30 14:57:07,567][HYDRA] 	#10 : model.L=3 model.bond_dim=12 seed=42 trainer.lr=0.005 trainer.ridge=0.005 trainer.optimizer=adamw +experiment=uci_gtn_sweep model=bosonmps dataset=abalone
[2026-04-30 14:57:07,746][__main__][INFO] - ▶ RUN BosonMPS/abalone/GTN L=3 bd=12 seed=42 -> /zhome/6b/e/212868/GTN/outputs/gtn/abalone/BosonMPS_rg0.005_init0.1/L3_bd12_seed42
[2026-04-30 14:57:47,722][__main__][INFO] - Early stopping at epoch 374 (no improvement for 100 epochs)
[2026-04-30 14:57:47,734][__main__][INFO] - ✓ DONE BosonMPS/abalone/GTN L=3 bd=12 seed=42 -> /zhome/6b/e/212868/GTN/outputs/gtn/abalone/BosonMPS_rg0.005_init0.1/L3_bd12_seed42 | val=0.5219
[2026-04-30 14:57:47,737][HYDRA] 	#11 : model.L=3 model.bond_dim=12 seed=10090 trainer.lr=0.005 trainer.ridge=0.005 trainer.optimizer=adamw +experiment=uci_gtn_sweep model=bosonmps dataset=abalone
[2026-04-30 14:57:47,891][__main__][INFO] - ▶ RUN BosonMPS/abalone/GTN L=3 bd=12 seed=10090 -> /zhome/6b/e/212868/GTN/outputs/gtn/abalone/BosonMPS_rg0.005_init0.1/L3_bd12_seed10090
[2026-04-30 14:58:31,236][__main__][INFO] - Early stopping at epoch 400 (no improvement for 100 epochs)
[2026-04-30 14:58:31,250][__main__][INFO] - ✓ DONE BosonMPS/abalone/GTN L=3 bd=12 seed=10090 -> /zhome/6b/e/212868/GTN/outputs/gtn/abalone/BosonMPS_rg0.005_init0.1/L3_bd12_seed10090 | val=0.5238
[2026-04-30 14:58:31,253][HYDRA] 	#12 : model.L=3 model.bond_dim=12 seed=32874 trainer.lr=0.005 trainer.ridge=0.005 trainer.optimizer=adamw +experiment=uci_gtn_sweep model=bosonmps dataset=abalone
[2026-04-30 14:58:31,424][__main__][INFO] - ▶ RUN BosonMPS/abalone/GTN L=3 bd=12 seed=32874 -> /zhome/6b/e/212868/GTN/outputs/gtn/abalone/BosonMPS_rg0.005_init0.1/L3_bd12_seed32874
[2026-04-30 14:59:07,069][__main__][INFO] - Early stopping at epoch 285 (no improvement for 100 epochs)
[2026-04-30 14:59:07,080][__main__][INFO] - ✓ DONE BosonMPS/abalone/GTN L=3 bd=12 seed=32874 -> /zhome/6b/e/212868/GTN/outputs/gtn/abalone/BosonMPS_rg0.005_init0.1/L3_bd12_seed32874 | val=0.5298
[2026-04-30 14:59:07,083][HYDRA] 	#13 : model.L=3 model.bond_dim=12 seed=47311 trainer.lr=0.005 trainer.ridge=0.005 trainer.optimizer=adamw +experiment=uci_gtn_sweep model=bosonmps dataset=abalone
[2026-04-30 14:59:07,246][__main__][INFO] - ▶ RUN BosonMPS/abalone/GTN L=3 bd=12 seed=47311 -> /zhome/6b/e/212868/GTN/outputs/gtn/abalone/BosonMPS_rg0.005_init0.1/L3_bd12_seed47311
[2026-04-30 14:59:32,679][__main__][INFO] - Early stopping at epoch 256 (no improvement for 100 epochs)
[2026-04-30 14:59:32,690][__main__][INFO] - ✓ DONE BosonMPS/abalone/GTN L=3 bd=12 seed=47311 -> /zhome/6b/e/212868/GTN/outputs/gtn/abalone/BosonMPS_rg0.005_init0.1/L3_bd12_seed47311 | val=0.5247
[2026-04-30 14:59:32,693][HYDRA] 	#14 : model.L=3 model.bond_dim=12 seed=47303 trainer.lr=0.005 trainer.ridge=0.005 trainer.optimizer=adamw +experiment=uci_gtn_sweep model=bosonmps dataset=abalone
[2026-04-30 14:59:32,855][__main__][INFO] - ▶ RUN BosonMPS/abalone/GTN L=3 bd=12 seed=47303 -> /zhome/6b/e/212868/GTN/outputs/gtn/abalone/BosonMPS_rg0.005_init0.1/L3_bd12_seed47303
[2026-04-30 15:00:10,184][__main__][INFO] - Early stopping at epoch 316 (no improvement for 100 epochs)
[2026-04-30 15:00:10,198][__main__][INFO] - ✓ DONE BosonMPS/abalone/GTN L=3 bd=12 seed=47303 -> /zhome/6b/e/212868/GTN/outputs/gtn/abalone/BosonMPS_rg0.005_init0.1/L3_bd12_seed47303 | val=0.5314
[2026-04-30 15:00:10,202][HYDRA] 	#15 : model.L=4 model.bond_dim=4 seed=42 trainer.lr=0.005 trainer.ridge=0.005 trainer.optimizer=adamw +experiment=uci_gtn_sweep model=bosonmps dataset=abalone
[2026-04-30 15:00:10,375][__main__][INFO] - ▶ RUN BosonMPS/abalone/GTN L=4 bd=4 seed=42 -> /zhome/6b/e/212868/GTN/outputs/gtn/abalone/BosonMPS_rg0.005_init0.1/L4_bd4_seed42
[2026-04-30 15:00:46,463][__main__][INFO] - Early stopping at epoch 368 (no improvement for 100 epochs)
[2026-04-30 15:00:46,476][__main__][INFO] - ✓ DONE BosonMPS/abalone/GTN L=4 bd=4 seed=42 -> /zhome/6b/e/212868/GTN/outputs/gtn/abalone/BosonMPS_rg0.005_init0.1/L4_bd4_seed42 | val=0.5385
[2026-04-30 15:00:46,479][HYDRA] 	#16 : model.L=4 model.bond_dim=4 seed=10090 trainer.lr=0.005 trainer.ridge=0.005 trainer.optimizer=adamw +experiment=uci_gtn_sweep model=bosonmps dataset=abalone
[2026-04-30 15:00:46,637][__main__][INFO] - ▶ RUN BosonMPS/abalone/GTN L=4 bd=4 seed=10090 -> /zhome/6b/e/212868/GTN/outputs/gtn/abalone/BosonMPS_rg0.005_init0.1/L4_bd4_seed10090
[2026-04-30 15:01:17,996][__main__][INFO] - Early stopping at epoch 295 (no improvement for 100 epochs)
[2026-04-30 15:01:18,006][__main__][INFO] - ✓ DONE BosonMPS/abalone/GTN L=4 bd=4 seed=10090 -> /zhome/6b/e/212868/GTN/outputs/gtn/abalone/BosonMPS_rg0.005_init0.1/L4_bd4_seed10090 | val=0.5232
[2026-04-30 15:01:18,009][HYDRA] 	#17 : model.L=4 model.bond_dim=4 seed=32874 trainer.lr=0.005 trainer.ridge=0.005 trainer.optimizer=adamw +experiment=uci_gtn_sweep model=bosonmps dataset=abalone
[2026-04-30 15:01:18,174][__main__][INFO] - ▶ RUN BosonMPS/abalone/GTN L=4 bd=4 seed=32874 -> /zhome/6b/e/212868/GTN/outputs/gtn/abalone/BosonMPS_rg0.005_init0.1/L4_bd4_seed32874
[2026-04-30 15:01:46,622][__main__][INFO] - Early stopping at epoch 265 (no improvement for 100 epochs)
[2026-04-30 15:01:46,632][__main__][INFO] - ✓ DONE BosonMPS/abalone/GTN L=4 bd=4 seed=32874 -> /zhome/6b/e/212868/GTN/outputs/gtn/abalone/BosonMPS_rg0.005_init0.1/L4_bd4_seed32874 | val=0.5339
[2026-04-30 15:01:46,635][HYDRA] 	#18 : model.L=4 model.bond_dim=4 seed=47311 trainer.lr=0.005 trainer.ridge=0.005 trainer.optimizer=adamw +experiment=uci_gtn_sweep model=bosonmps dataset=abalone
[2026-04-30 15:01:46,797][__main__][INFO] - ▶ RUN BosonMPS/abalone/GTN L=4 bd=4 seed=47311 -> /zhome/6b/e/212868/GTN/outputs/gtn/abalone/BosonMPS_rg0.005_init0.1/L4_bd4_seed47311
[2026-04-30 15:02:14,624][__main__][INFO] - Early stopping at epoch 278 (no improvement for 100 epochs)
[2026-04-30 15:02:14,635][__main__][INFO] - ✓ DONE BosonMPS/abalone/GTN L=4 bd=4 seed=47311 -> /zhome/6b/e/212868/GTN/outputs/gtn/abalone/BosonMPS_rg0.005_init0.1/L4_bd4_seed47311 | val=0.5350
[2026-04-30 15:02:14,638][HYDRA] 	#19 : model.L=4 model.bond_dim=4 seed=47303 trainer.lr=0.005 trainer.ridge=0.005 trainer.optimizer=adamw +experiment=uci_gtn_sweep model=bosonmps dataset=abalone
[2026-04-30 15:02:14,801][__main__][INFO] - ▶ RUN BosonMPS/abalone/GTN L=4 bd=4 seed=47303 -> /zhome/6b/e/212868/GTN/outputs/gtn/abalone/BosonMPS_rg0.005_init0.1/L4_bd4_seed47303
[2026-04-30 15:02:48,298][__main__][INFO] - Early stopping at epoch 308 (no improvement for 100 epochs)
[2026-04-30 15:02:48,309][__main__][INFO] - ✓ DONE BosonMPS/abalone/GTN L=4 bd=4 seed=47303 -> /zhome/6b/e/212868/GTN/outputs/gtn/abalone/BosonMPS_rg0.005_init0.1/L4_bd4_seed47303 | val=0.5399
[2026-04-30 15:02:48,312][HYDRA] 	#20 : model.L=4 model.bond_dim=8 seed=42 trainer.lr=0.005 trainer.ridge=0.005 trainer.optimizer=adamw +experiment=uci_gtn_sweep model=bosonmps dataset=abalone
[2026-04-30 15:02:48,472][__main__][INFO] - ▶ RUN BosonMPS/abalone/GTN L=4 bd=8 seed=42 -> /zhome/6b/e/212868/GTN/outputs/gtn/abalone/BosonMPS_rg0.005_init0.1/L4_bd8_seed42
[2026-04-30 15:03:35,073][__main__][INFO] - Early stopping at epoch 454 (no improvement for 100 epochs)
[2026-04-30 15:03:35,087][__main__][INFO] - ✓ DONE BosonMPS/abalone/GTN L=4 bd=8 seed=42 -> /zhome/6b/e/212868/GTN/outputs/gtn/abalone/BosonMPS_rg0.005_init0.1/L4_bd8_seed42 | val=0.5288
[2026-04-30 15:03:35,091][HYDRA] 	#21 : model.L=4 model.bond_dim=8 seed=10090 trainer.lr=0.005 trainer.ridge=0.005 trainer.optimizer=adamw +experiment=uci_gtn_sweep model=bosonmps dataset=abalone
[2026-04-30 15:03:35,261][__main__][INFO] - ▶ RUN BosonMPS/abalone/GTN L=4 bd=8 seed=10090 -> /zhome/6b/e/212868/GTN/outputs/gtn/abalone/BosonMPS_rg0.005_init0.1/L4_bd8_seed10090
[2026-04-30 15:04:36,212][__main__][INFO] - Early stopping at epoch 554 (no improvement for 100 epochs)
[2026-04-30 15:04:36,227][__main__][INFO] - ✓ DONE BosonMPS/abalone/GTN L=4 bd=8 seed=10090 -> /zhome/6b/e/212868/GTN/outputs/gtn/abalone/BosonMPS_rg0.005_init0.1/L4_bd8_seed10090 | val=0.5278
[2026-04-30 15:04:36,230][HYDRA] 	#22 : model.L=4 model.bond_dim=8 seed=32874 trainer.lr=0.005 trainer.ridge=0.005 trainer.optimizer=adamw +experiment=uci_gtn_sweep model=bosonmps dataset=abalone
[2026-04-30 15:04:36,392][__main__][INFO] - ▶ RUN BosonMPS/abalone/GTN L=4 bd=8 seed=32874 -> /zhome/6b/e/212868/GTN/outputs/gtn/abalone/BosonMPS_rg0.005_init0.1/L4_bd8_seed32874
[2026-04-30 15:05:00,319][__main__][INFO] - Early stopping at epoch 206 (no improvement for 100 epochs)
[2026-04-30 15:05:00,330][__main__][INFO] - ✓ DONE BosonMPS/abalone/GTN L=4 bd=8 seed=32874 -> /zhome/6b/e/212868/GTN/outputs/gtn/abalone/BosonMPS_rg0.005_init0.1/L4_bd8_seed32874 | val=0.4898
[2026-04-30 15:05:00,333][HYDRA] 	#23 : model.L=4 model.bond_dim=8 seed=47311 trainer.lr=0.005 trainer.ridge=0.005 trainer.optimizer=adamw +experiment=uci_gtn_sweep model=bosonmps dataset=abalone
[2026-04-30 15:05:00,504][__main__][INFO] - ▶ RUN BosonMPS/abalone/GTN L=4 bd=8 seed=47311 -> /zhome/6b/e/212868/GTN/outputs/gtn/abalone/BosonMPS_rg0.005_init0.1/L4_bd8_seed47311
[2026-04-30 15:05:56,757][__main__][INFO] - Early stopping at epoch 477 (no improvement for 100 epochs)
[2026-04-30 15:05:56,770][__main__][INFO] - ✓ DONE BosonMPS/abalone/GTN L=4 bd=8 seed=47311 -> /zhome/6b/e/212868/GTN/outputs/gtn/abalone/BosonMPS_rg0.005_init0.1/L4_bd8_seed47311 | val=0.5302
[2026-04-30 15:05:56,773][HYDRA] 	#24 : model.L=4 model.bond_dim=8 seed=47303 trainer.lr=0.005 trainer.ridge=0.005 trainer.optimizer=adamw +experiment=uci_gtn_sweep model=bosonmps dataset=abalone
[2026-04-30 15:05:56,935][__main__][INFO] - ▶ RUN BosonMPS/abalone/GTN L=4 bd=8 seed=47303 -> /zhome/6b/e/212868/GTN/outputs/gtn/abalone/BosonMPS_rg0.005_init0.1/L4_bd8_seed47303
[2026-04-30 15:06:59,368][__main__][INFO] - Early stopping at epoch 483 (no improvement for 100 epochs)
[2026-04-30 15:06:59,382][__main__][INFO] - ✓ DONE BosonMPS/abalone/GTN L=4 bd=8 seed=47303 -> /zhome/6b/e/212868/GTN/outputs/gtn/abalone/BosonMPS_rg0.005_init0.1/L4_bd8_seed47303 | val=0.5196
[2026-04-30 15:06:59,385][HYDRA] 	#25 : model.L=4 model.bond_dim=12 seed=42 trainer.lr=0.005 trainer.ridge=0.005 trainer.optimizer=adamw +experiment=uci_gtn_sweep model=bosonmps dataset=abalone
[2026-04-30 15:06:59,930][__main__][INFO] - ▶ RUN BosonMPS/abalone/GTN L=4 bd=12 seed=42 -> /zhome/6b/e/212868/GTN/outputs/gtn/abalone/BosonMPS_rg0.005_init0.1/L4_bd12_seed42
[2026-04-30 15:07:59,750][__main__][INFO] - Early stopping at epoch 508 (no improvement for 100 epochs)
[2026-04-30 15:07:59,767][__main__][INFO] - ✓ DONE BosonMPS/abalone/GTN L=4 bd=12 seed=42 -> /zhome/6b/e/212868/GTN/outputs/gtn/abalone/BosonMPS_rg0.005_init0.1/L4_bd12_seed42 | val=0.5008
[2026-04-30 15:07:59,771][HYDRA] 	#26 : model.L=4 model.bond_dim=12 seed=10090 trainer.lr=0.005 trainer.ridge=0.005 trainer.optimizer=adamw +experiment=uci_gtn_sweep model=bosonmps dataset=abalone
[2026-04-30 15:07:59,949][__main__][INFO] - ▶ RUN BosonMPS/abalone/GTN L=4 bd=12 seed=10090 -> /zhome/6b/e/212868/GTN/outputs/gtn/abalone/BosonMPS_rg0.005_init0.1/L4_bd12_seed10090
[2026-04-30 15:09:05,693][__main__][INFO] - Early stopping at epoch 591 (no improvement for 100 epochs)
[2026-04-30 15:09:05,710][__main__][INFO] - ✓ DONE BosonMPS/abalone/GTN L=4 bd=12 seed=10090 -> /zhome/6b/e/212868/GTN/outputs/gtn/abalone/BosonMPS_rg0.005_init0.1/L4_bd12_seed10090 | val=0.5232
[2026-04-30 15:09:05,713][HYDRA] 	#27 : model.L=4 model.bond_dim=12 seed=32874 trainer.lr=0.005 trainer.ridge=0.005 trainer.optimizer=adamw +experiment=uci_gtn_sweep model=bosonmps dataset=abalone
[2026-04-30 15:09:05,887][__main__][INFO] - ▶ RUN BosonMPS/abalone/GTN L=4 bd=12 seed=32874 -> /zhome/6b/e/212868/GTN/outputs/gtn/abalone/BosonMPS_rg0.005_init0.1/L4_bd12_seed32874
[2026-04-30 15:10:02,299][__main__][INFO] - Early stopping at epoch 392 (no improvement for 100 epochs)
[2026-04-30 15:10:02,320][__main__][INFO] - ✓ DONE BosonMPS/abalone/GTN L=4 bd=12 seed=32874 -> /zhome/6b/e/212868/GTN/outputs/gtn/abalone/BosonMPS_rg0.005_init0.1/L4_bd12_seed32874 | val=0.5203
[2026-04-30 15:10:02,327][HYDRA] 	#28 : model.L=4 model.bond_dim=12 seed=47311 trainer.lr=0.005 trainer.ridge=0.005 trainer.optimizer=adamw +experiment=uci_gtn_sweep model=bosonmps dataset=abalone
[2026-04-30 15:10:02,525][__main__][INFO] - ▶ RUN BosonMPS/abalone/GTN L=4 bd=12 seed=47311 -> /zhome/6b/e/212868/GTN/outputs/gtn/abalone/BosonMPS_rg0.005_init0.1/L4_bd12_seed47311
[2026-04-30 15:11:29,819][__main__][INFO] - Early stopping at epoch 662 (no improvement for 100 epochs)
[2026-04-30 15:11:29,834][__main__][INFO] - ✓ DONE BosonMPS/abalone/GTN L=4 bd=12 seed=47311 -> /zhome/6b/e/212868/GTN/outputs/gtn/abalone/BosonMPS_rg0.005_init0.1/L4_bd12_seed47311 | val=0.5252
[2026-04-30 15:11:29,837][HYDRA] 	#29 : model.L=4 model.bond_dim=12 seed=47303 trainer.lr=0.005 trainer.ridge=0.005 trainer.optimizer=adamw +experiment=uci_gtn_sweep model=bosonmps dataset=abalone
[2026-04-30 15:11:29,995][__main__][INFO] - ▶ RUN BosonMPS/abalone/GTN L=4 bd=12 seed=47303 -> /zhome/6b/e/212868/GTN/outputs/gtn/abalone/BosonMPS_rg0.005_init0.1/L4_bd12_seed47303
[2026-04-30 15:12:33,794][__main__][INFO] - Early stopping at epoch 530 (no improvement for 100 epochs)
[2026-04-30 15:12:33,810][__main__][INFO] - ✓ DONE BosonMPS/abalone/GTN L=4 bd=12 seed=47303 -> /zhome/6b/e/212868/GTN/outputs/gtn/abalone/BosonMPS_rg0.005_init0.1/L4_bd12_seed47303 | val=0.5221

------------------------------------------------------------
Sender: LSF System <lsfadmin@hpc.dtu.dk>
Subject: Job 28330112[1]: <gtn_boson[1-21]%20> in cluster <dcc> Done

Job <gtn_boson[1-21]%20> was submitted from host <hpclogin1> by user <nicci> in cluster <dcc> at Thu Apr 30 14:50:17 2026
Job was executed on host(s) <4*n-62-28-31>, in queue <hpc>, as user <nicci> in cluster <dcc> at Thu Apr 30 14:50:18 2026
</zhome/6b/e/212868> was used as the home directory.
</zhome/6b/e/212868/GTN> was used as the working directory.
Started at Thu Apr 30 14:50:18 2026
Terminated at Thu Apr 30 15:12:35 2026
Results reported at Thu Apr 30 15:12:35 2026

Your job looked like:

------------------------------------------------------------
# LSBATCH: User input
#!/bin/bash
#BSUB -q hpc
#BSUB -J "gtn_boson[1-21]%20"
#BSUB -W 1:00
#BSUB -n 4
#BSUB -R "rusage[mem=500MB]"
#BSUB -R "span[hosts=1]"
#BSUB -o logs/%J_%I.out
#BSUB -e logs/%J_%I.err

MODELS=("bosonmps")

DATASETS=(
    "abalone" "adult" "ai4i" "appliances" "bank" "bike" "breast"
    "car_evaluation" "concrete" "energy_efficiency" "hearth"
    "iris" "mushrooms" "obesity" "popularity" "realstate"
    "seoulBike" "student_dropout" "student_perf" "wine"
    "winequalityc"
)

NUM_MODELS=${#MODELS[@]}
NUM_DATASETS=${#DATASETS[@]}
NUM_EXPERIMENTS=$((NUM_DATASETS * NUM_MODELS))

if [ "$1" == "test" ]; then
    echo "SIMULATING ARRAY:"
    echo "-----------------"

    for ((i=1; i<=NUM_EXPERIMENTS; i++)); do
        IDV=$((i - 1))
        MODEL_IDX=$((IDV % NUM_MODELS))
        DATASET_IDX=$((IDV / NUM_MODELS))

        echo "Index $i: Dataset=${DATASETS[$DATASET_IDX]}, Model=${MODELS[$MODEL_IDX]}"
    done
    exit 0
fi

export HOME=/zhome/6b/e/212868
cd "$HOME/GTN"
source .venv/bin/activate

mkdir -p logs

IDV=$((LSB_JOBINDEX - 1))
MODEL_IDX=$((IDV % NUM_MODELS))
DATASET_IDX=$((IDV / NUM_MODELS))

CURRENT_DATASET=${DATASETS[$DATASET_IDX]}
CURRENT_MODEL=${MODELS[$MODEL_IDX]}

(... more ...)
------------------------------------------------------------

Successfully completed.

Resource usage summary:

    CPU time :                                   3759.45 sec.
    Max Memory :                                 498 MB
    Average Memory :                             478.18 MB
    Total Requested Memory :                     2000.00 MB
    Delta Memory :                               1502.00 MB
    Max Swap :                                   -
    Max Processes :                              4
    Max Threads :                                14
    Run time :                                   1337 sec.
    Turnaround time :                            1338 sec.

The output (if any) is above this job summary.



PS:

Read file <logs/28330112_1.err> for stderr output of this job.

