Task 1: Dataset=adult, Model=cpda, Experiment=cpda_ntn_sweep
[2026-05-01 15:05:14,419][HYDRA] Launching 30 jobs locally
[2026-05-01 15:05:14,419][HYDRA] 	#0 : model.L=4 model.bond_dim=32 seed=42 trainer.ridge=5 trainer.ridge_decay=0.25 trainer.ridge_min=0.0001 +experiment=cpda_ntn_sweep model=cpda dataset=adult
[2026-05-01 15:05:14,679][utils.tracking][INFO] - Loaded 17971 tracked runs from runs_tracking.csv
[2026-05-01 15:05:14,682][__main__][INFO] - ⏭ SKIP CPDA/adult/NTN L=4 bd=32 seed=42 -> /zhome/6b/e/212868/GTN/outputs/ntn/adult/CPDA_rg5_init0.1/L4_bd32_seed42 | singular val=0.0932
[2026-05-01 15:05:14,685][HYDRA] 	#1 : model.L=4 model.bond_dim=32 seed=10090 trainer.ridge=5 trainer.ridge_decay=0.25 trainer.ridge_min=0.0001 +experiment=cpda_ntn_sweep model=cpda dataset=adult
[2026-05-01 15:05:15,080][__main__][INFO] - ⏭ SKIP CPDA/adult/NTN L=4 bd=32 seed=10090 -> /zhome/6b/e/212868/GTN/outputs/ntn/adult/CPDA_rg5_init0.1/L4_bd32_seed10090 | singular val=0.1575
[2026-05-01 15:05:15,083][HYDRA] 	#2 : model.L=4 model.bond_dim=32 seed=32874 trainer.ridge=5 trainer.ridge_decay=0.25 trainer.ridge_min=0.0001 +experiment=cpda_ntn_sweep model=cpda dataset=adult
[2026-05-01 15:05:15,263][__main__][INFO] - ⏭ SKIP CPDA/adult/NTN L=4 bd=32 seed=32874 -> /zhome/6b/e/212868/GTN/outputs/ntn/adult/CPDA_rg5_init0.1/L4_bd32_seed32874 | singular val=0.1623
[2026-05-01 15:05:15,265][HYDRA] 	#3 : model.L=4 model.bond_dim=32 seed=47311 trainer.ridge=5 trainer.ridge_decay=0.25 trainer.ridge_min=0.0001 +experiment=cpda_ntn_sweep model=cpda dataset=adult
[2026-05-01 15:05:15,425][__main__][INFO] - ⏭ SKIP CPDA/adult/NTN L=4 bd=32 seed=47311 -> /zhome/6b/e/212868/GTN/outputs/ntn/adult/CPDA_rg5_init0.1/L4_bd32_seed47311 | singular val=0.1865
[2026-05-01 15:05:15,428][HYDRA] 	#4 : model.L=4 model.bond_dim=32 seed=47303 trainer.ridge=5 trainer.ridge_decay=0.25 trainer.ridge_min=0.0001 +experiment=cpda_ntn_sweep model=cpda dataset=adult
[2026-05-01 15:05:15,681][__main__][INFO] - ⏭ SKIP CPDA/adult/NTN L=4 bd=32 seed=47303 -> /zhome/6b/e/212868/GTN/outputs/ntn/adult/CPDA_rg5_init0.1/L4_bd32_seed47303 | singular val=0.1631
[2026-05-01 15:05:15,684][HYDRA] 	#5 : model.L=4 model.bond_dim=16 seed=42 trainer.ridge=5 trainer.ridge_decay=0.25 trainer.ridge_min=0.0001 +experiment=cpda_ntn_sweep model=cpda dataset=adult
[2026-05-01 15:05:15,845][__main__][INFO] - ⏭ SKIP CPDA/adult/NTN L=4 bd=16 seed=42 -> /zhome/6b/e/212868/GTN/outputs/ntn/adult/CPDA_rg5_init0.1/L4_bd16_seed42 | singular val=0.1196
[2026-05-01 15:05:15,847][HYDRA] 	#6 : model.L=4 model.bond_dim=16 seed=10090 trainer.ridge=5 trainer.ridge_decay=0.25 trainer.ridge_min=0.0001 +experiment=cpda_ntn_sweep model=cpda dataset=adult
[2026-05-01 15:05:16,003][__main__][INFO] - ⏭ SKIP CPDA/adult/NTN L=4 bd=16 seed=10090 -> /zhome/6b/e/212868/GTN/outputs/ntn/adult/CPDA_rg5_init0.1/L4_bd16_seed10090 | singular val=0.1784
[2026-05-01 15:05:16,006][HYDRA] 	#7 : model.L=4 model.bond_dim=16 seed=32874 trainer.ridge=5 trainer.ridge_decay=0.25 trainer.ridge_min=0.0001 +experiment=cpda_ntn_sweep model=cpda dataset=adult
[2026-05-01 15:05:16,165][__main__][INFO] - ⏭ SKIP CPDA/adult/NTN L=4 bd=16 seed=32874 -> /zhome/6b/e/212868/GTN/outputs/ntn/adult/CPDA_rg5_init0.1/L4_bd16_seed32874 | singular val=0.1413
[2026-05-01 15:05:16,170][HYDRA] 	#8 : model.L=4 model.bond_dim=16 seed=47311 trainer.ridge=5 trainer.ridge_decay=0.25 trainer.ridge_min=0.0001 +experiment=cpda_ntn_sweep model=cpda dataset=adult
[2026-05-01 15:05:16,335][__main__][INFO] - ⏭ SKIP CPDA/adult/NTN L=4 bd=16 seed=47311 -> /zhome/6b/e/212868/GTN/outputs/ntn/adult/CPDA_rg5_init0.1/L4_bd16_seed47311 | singular val=0.1628
[2026-05-01 15:05:16,337][HYDRA] 	#9 : model.L=4 model.bond_dim=16 seed=47303 trainer.ridge=5 trainer.ridge_decay=0.25 trainer.ridge_min=0.0001 +experiment=cpda_ntn_sweep model=cpda dataset=adult
[2026-05-01 15:05:16,493][__main__][INFO] - ⏭ SKIP CPDA/adult/NTN L=4 bd=16 seed=47303 -> /zhome/6b/e/212868/GTN/outputs/ntn/adult/CPDA_rg5_init0.1/L4_bd16_seed47303 | singular val=0.2312
[2026-05-01 15:05:16,496][HYDRA] 	#10 : model.L=4 model.bond_dim=8 seed=42 trainer.ridge=5 trainer.ridge_decay=0.25 trainer.ridge_min=0.0001 +experiment=cpda_ntn_sweep model=cpda dataset=adult
[2026-05-01 15:05:16,652][__main__][INFO] - ⏭ SKIP CPDA/adult/NTN L=4 bd=8 seed=42 -> /zhome/6b/e/212868/GTN/outputs/ntn/adult/CPDA_rg5_init0.1/L4_bd8_seed42 | singular val=0.1914
[2026-05-01 15:05:16,654][HYDRA] 	#11 : model.L=4 model.bond_dim=8 seed=10090 trainer.ridge=5 trainer.ridge_decay=0.25 trainer.ridge_min=0.0001 +experiment=cpda_ntn_sweep model=cpda dataset=adult
[2026-05-01 15:05:16,815][__main__][INFO] - ⏭ SKIP CPDA/adult/NTN L=4 bd=8 seed=10090 -> /zhome/6b/e/212868/GTN/outputs/ntn/adult/CPDA_rg5_init0.1/L4_bd8_seed10090 | singular val=0.1409
[2026-05-01 15:05:16,817][HYDRA] 	#12 : model.L=4 model.bond_dim=8 seed=32874 trainer.ridge=5 trainer.ridge_decay=0.25 trainer.ridge_min=0.0001 +experiment=cpda_ntn_sweep model=cpda dataset=adult
[2026-05-01 15:05:16,974][__main__][INFO] - ⏭ SKIP CPDA/adult/NTN L=4 bd=8 seed=32874 -> /zhome/6b/e/212868/GTN/outputs/ntn/adult/CPDA_rg5_init0.1/L4_bd8_seed32874 | singular val=0.1383
[2026-05-01 15:05:16,976][HYDRA] 	#13 : model.L=4 model.bond_dim=8 seed=47311 trainer.ridge=5 trainer.ridge_decay=0.25 trainer.ridge_min=0.0001 +experiment=cpda_ntn_sweep model=cpda dataset=adult
[2026-05-01 15:05:17,132][__main__][INFO] - ⏭ SKIP CPDA/adult/NTN L=4 bd=8 seed=47311 -> /zhome/6b/e/212868/GTN/outputs/ntn/adult/CPDA_rg5_init0.1/L4_bd8_seed47311 | singular val=0.0924
[2026-05-01 15:05:17,134][HYDRA] 	#14 : model.L=4 model.bond_dim=8 seed=47303 trainer.ridge=5 trainer.ridge_decay=0.25 trainer.ridge_min=0.0001 +experiment=cpda_ntn_sweep model=cpda dataset=adult
[2026-05-01 15:05:17,292][__main__][INFO] - ⏭ SKIP CPDA/adult/NTN L=4 bd=8 seed=47303 -> /zhome/6b/e/212868/GTN/outputs/ntn/adult/CPDA_rg5_init0.1/L4_bd8_seed47303 | singular val=0.1646
[2026-05-01 15:05:17,294][HYDRA] 	#15 : model.L=3 model.bond_dim=32 seed=42 trainer.ridge=5 trainer.ridge_decay=0.25 trainer.ridge_min=0.0001 +experiment=cpda_ntn_sweep model=cpda dataset=adult
[2026-05-01 15:05:17,452][__main__][INFO] - ⏭ SKIP CPDA/adult/NTN L=3 bd=32 seed=42 -> /zhome/6b/e/212868/GTN/outputs/ntn/adult/CPDA_rg5_init0.1/L3_bd32_seed42 | singular val=0.1575
[2026-05-01 15:05:17,454][HYDRA] 	#16 : model.L=3 model.bond_dim=32 seed=10090 trainer.ridge=5 trainer.ridge_decay=0.25 trainer.ridge_min=0.0001 +experiment=cpda_ntn_sweep model=cpda dataset=adult
[2026-05-01 15:05:17,610][__main__][INFO] - ⏭ SKIP CPDA/adult/NTN L=3 bd=32 seed=10090 -> /zhome/6b/e/212868/GTN/outputs/ntn/adult/CPDA_rg5_init0.1/L3_bd32_seed10090 | singular val=0.2209
[2026-05-01 15:05:17,613][HYDRA] 	#17 : model.L=3 model.bond_dim=32 seed=32874 trainer.ridge=5 trainer.ridge_decay=0.25 trainer.ridge_min=0.0001 +experiment=cpda_ntn_sweep model=cpda dataset=adult
[2026-05-01 15:05:17,768][__main__][INFO] - ⏭ SKIP CPDA/adult/NTN L=3 bd=32 seed=32874 -> /zhome/6b/e/212868/GTN/outputs/ntn/adult/CPDA_rg5_init0.1/L3_bd32_seed32874 | singular val=0.2211
[2026-05-01 15:05:17,771][HYDRA] 	#18 : model.L=3 model.bond_dim=32 seed=47311 trainer.ridge=5 trainer.ridge_decay=0.25 trainer.ridge_min=0.0001 +experiment=cpda_ntn_sweep model=cpda dataset=adult
[2026-05-01 15:05:17,929][__main__][INFO] - ⏭ SKIP CPDA/adult/NTN L=3 bd=32 seed=47311 -> /zhome/6b/e/212868/GTN/outputs/ntn/adult/CPDA_rg5_init0.1/L3_bd32_seed47311 | singular val=0.2082
[2026-05-01 15:05:17,931][HYDRA] 	#19 : model.L=3 model.bond_dim=32 seed=47303 trainer.ridge=5 trainer.ridge_decay=0.25 trainer.ridge_min=0.0001 +experiment=cpda_ntn_sweep model=cpda dataset=adult
[2026-05-01 15:05:18,089][__main__][INFO] - ⏭ SKIP CPDA/adult/NTN L=3 bd=32 seed=47303 -> /zhome/6b/e/212868/GTN/outputs/ntn/adult/CPDA_rg5_init0.1/L3_bd32_seed47303 | singular val=0.1474
[2026-05-01 15:05:18,091][HYDRA] 	#20 : model.L=3 model.bond_dim=16 seed=42 trainer.ridge=5 trainer.ridge_decay=0.25 trainer.ridge_min=0.0001 +experiment=cpda_ntn_sweep model=cpda dataset=adult
[2026-05-01 15:05:18,249][__main__][INFO] - ⏭ SKIP CPDA/adult/NTN L=3 bd=16 seed=42 -> /zhome/6b/e/212868/GTN/outputs/ntn/adult/CPDA_rg5_init0.1/L3_bd16_seed42 | singular val=0.2105
[2026-05-01 15:05:18,252][HYDRA] 	#21 : model.L=3 model.bond_dim=16 seed=10090 trainer.ridge=5 trainer.ridge_decay=0.25 trainer.ridge_min=0.0001 +experiment=cpda_ntn_sweep model=cpda dataset=adult
[2026-05-01 15:05:18,416][__main__][INFO] - ⏭ SKIP CPDA/adult/NTN L=3 bd=16 seed=10090 -> /zhome/6b/e/212868/GTN/outputs/ntn/adult/CPDA_rg5_init0.1/L3_bd16_seed10090 | singular val=0.2071
[2026-05-01 15:05:18,418][HYDRA] 	#22 : model.L=3 model.bond_dim=16 seed=32874 trainer.ridge=5 trainer.ridge_decay=0.25 trainer.ridge_min=0.0001 +experiment=cpda_ntn_sweep model=cpda dataset=adult
[2026-05-01 15:05:18,585][__main__][INFO] - ⏭ SKIP CPDA/adult/NTN L=3 bd=16 seed=32874 -> /zhome/6b/e/212868/GTN/outputs/ntn/adult/CPDA_rg5_init0.1/L3_bd16_seed32874 | singular val=0.1796
[2026-05-01 15:05:18,587][HYDRA] 	#23 : model.L=3 model.bond_dim=16 seed=47311 trainer.ridge=5 trainer.ridge_decay=0.25 trainer.ridge_min=0.0001 +experiment=cpda_ntn_sweep model=cpda dataset=adult
[2026-05-01 15:05:18,742][__main__][INFO] - ▶ RUN CPDA/adult/NTN L=3 bd=16 seed=47311 -> /zhome/6b/e/212868/GTN/outputs/ntn/adult/CPDA_rg5_init0.1/L3_bd16_seed47311
Starting Fit: 20 epochs.
Sweep Order: ['Node0', 'Node1', 'Node2', 'Node1']
Validation: Using separate validation set for best model selection
Early stopping: patience=10, min_delta=0.001
Init    | Train: loss: 107.77035 | quality: 0.17207
        | Val:   loss: 114.43834 | quality: 0.16844
Epoch 1 | Train: loss: 692096414.06323 | quality: 0.26295
        | Val:   loss: 856176774.49022 | quality: 0.25976
 *
Epoch 2 | Train: loss: 2982633313148694167496317029168275656714665203438608303644998322476509793615872.00000 | quality: 0.18357
        | Val:   loss: 3690794379126711924933798828554500707860560939331706964128265045147869794795520.00000 | quality: 0.18209


------------------------------------------------------------
Sender: LSF System <lsfadmin@hpc.dtu.dk>
Subject: Job 28335027[1]: <ntn_grid_full[1-150]%20> in cluster <dcc> Exited

Job <ntn_grid_full[1-150]%20> was submitted from host <hpclogin1> by user <nicci> in cluster <dcc> at Fri May  1 15:05:02 2026
Job was executed on host(s) <4*n-62-31-8>, in queue <hpc>, as user <nicci> in cluster <dcc> at Fri May  1 15:05:03 2026
</zhome/6b/e/212868> was used as the home directory.
</zhome/6b/e/212868/GTN> was used as the working directory.
Started at Fri May  1 15:05:03 2026
Terminated at Fri May  1 15:06:28 2026
Results reported at Fri May  1 15:06:28 2026

Your job looked like:

------------------------------------------------------------
# LSBATCH: User input
#!/bin/bash
#BSUB -q hpc
#BSUB -J "ntn_grid_full[1-150]%20"
#BSUB -W 8:00
#BSUB -n 4
#BSUB -R "rusage[mem=750MB]"
#BSUB -R "span[hosts=1]"
#BSUB -o logs/%J_%I.out
#BSUB -e logs/%J_%I.err

MODELS=("cpda" "cpda_typei" "lmpo2" "lmpo2_typei" "mpo2" "mpo2_typei" "mmpo2" "mmpo2_typei" "tnml_f" "tnml_p")

DATASETS=(
    "abalone" "adult" "ai4i" "appliances" "bank" "bike" "breast"
    "car_evaluation" "concrete" "energy_efficiency" "hearth"
    "iris" "mushrooms" "obesity" "popularity" "realstate"
    "seoulBike" "student_dropout" "student_perf" "wine"
    "winequalityc"
)

COMPLETED_DATASETS=(
    "abalone" "bike" "concrete" "energy_efficiency"
    "iris" "realstate" )

# Filter datasets
FILTERED_DATASETS=()
for ds in "${DATASETS[@]}"; do
    skip=false
    for completed in "${COMPLETED_DATASETS[@]}"; do
        if [[ "$ds" == "$completed" ]]; then
            skip=true
            break
        fi
    done

    if ! $skip; then
        FILTERED_DATASETS+=("$ds")
    fi
done

DATASETS=("${FILTERED_DATASETS[@]}")

NUM_MODELS=${#MODELS[@]}
NUM_DATASETS=${#DATASETS[@]}
NUM_EXPERIMENTS=$((NUM_DATASETS * NUM_MODELS))

if [ "$1" == "test" ]; then
    echo "SIMULATING ARRAY:"
    echo "-----------------"


(... more ...)
------------------------------------------------------------

TERM_OWNER: job killed by owner.
Exited with exit code 130.

Resource usage summary:

    CPU time :                                   151.00 sec.
    Max Memory :                                 715 MB
    Average Memory :                             147.67 MB
    Total Requested Memory :                     3000.00 MB
    Delta Memory :                               2285.00 MB
    Max Swap :                                   -
    Max Processes :                              12
    Max Threads :                                47
    Run time :                                   85 sec.
    Turnaround time :                            86 sec.

The output (if any) is above this job summary.



PS:

Read file <logs/28335027_1.err> for stderr output of this job.

