Task 1: Model=lmpo2_typei, Dataset=breast
[2026-05-04 19:35:46,541][HYDRA] Launching 90 jobs locally
[2026-05-04 19:35:46,541][HYDRA] 	#0 : model.reduction_factor=0.3 model.L=4 model.bond_dim=12 seed=42 trainer.ridge=5 trainer.ridge_decay=0.25 trainer.ridge_min=0.0001 +experiment=uci_ntn_sweep model=lmpo2_typei dataset=breast
[2026-05-04 19:35:47,032][utils.tracking][INFO] - Loaded 19006 tracked runs from runs_tracking.csv
[2026-05-04 19:35:47,035][__main__][INFO] - ⏭ SKIP LMPO2TypeI/breast/NTN L=4 bd=12_rf0.3 seed=42 -> /zhome/6b/e/212868/GTN/outputs/ntn/breast/LMPO2TypeI_rg5_init0.1/L4_bd12_seed42_rf0.3_bondmpo1 | previous run failed with singular matrix (permanent) 
[2026-05-04 19:35:47,037][HYDRA] 	#1 : model.reduction_factor=0.3 model.L=4 model.bond_dim=12 seed=10090 trainer.ridge=5 trainer.ridge_decay=0.25 trainer.ridge_min=0.0001 +experiment=uci_ntn_sweep model=lmpo2_typei dataset=breast
[2026-05-04 19:35:47,207][__main__][INFO] - ⏭ SKIP LMPO2TypeI/breast/NTN L=4 bd=12_rf0.3 seed=10090 -> /zhome/6b/e/212868/GTN/outputs/ntn/breast/LMPO2TypeI_rg5_init0.1/L4_bd12_seed10090_rf0.3_bondmpo1 | previous run failed with singular matrix (permanent) val=0.6824
[2026-05-04 19:35:47,209][HYDRA] 	#2 : model.reduction_factor=0.3 model.L=4 model.bond_dim=12 seed=32874 trainer.ridge=5 trainer.ridge_decay=0.25 trainer.ridge_min=0.0001 +experiment=uci_ntn_sweep model=lmpo2_typei dataset=breast
[2026-05-04 19:35:47,364][__main__][INFO] - ⏭ SKIP LMPO2TypeI/breast/NTN L=4 bd=12_rf0.3 seed=32874 -> /zhome/6b/e/212868/GTN/outputs/ntn/breast/LMPO2TypeI_rg5_init0.1/L4_bd12_seed32874_rf0.3_bondmpo1 | previous run failed with singular matrix (permanent) val=0.2941
[2026-05-04 19:35:47,366][HYDRA] 	#3 : model.reduction_factor=0.3 model.L=4 model.bond_dim=12 seed=47311 trainer.ridge=5 trainer.ridge_decay=0.25 trainer.ridge_min=0.0001 +experiment=uci_ntn_sweep model=lmpo2_typei dataset=breast
[2026-05-04 19:35:47,528][__main__][INFO] - ⏭ SKIP LMPO2TypeI/breast/NTN L=4 bd=12_rf0.3 seed=47311 -> /zhome/6b/e/212868/GTN/outputs/ntn/breast/LMPO2TypeI_rg5_init0.1/L4_bd12_seed47311_rf0.3_bondmpo1 | previous run failed with singular matrix (permanent) val=0.4353
[2026-05-04 19:35:47,530][HYDRA] 	#4 : model.reduction_factor=0.3 model.L=4 model.bond_dim=12 seed=47303 trainer.ridge=5 trainer.ridge_decay=0.25 trainer.ridge_min=0.0001 +experiment=uci_ntn_sweep model=lmpo2_typei dataset=breast
[2026-05-04 19:35:47,683][__main__][INFO] - ⏭ SKIP LMPO2TypeI/breast/NTN L=4 bd=12_rf0.3 seed=47303 -> /zhome/6b/e/212868/GTN/outputs/ntn/breast/LMPO2TypeI_rg5_init0.1/L4_bd12_seed47303_rf0.3_bondmpo1 | previous run failed with singular matrix (permanent) val=0.5412
[2026-05-04 19:35:47,685][HYDRA] 	#5 : model.reduction_factor=0.3 model.L=4 model.bond_dim=8 seed=42 trainer.ridge=5 trainer.ridge_decay=0.25 trainer.ridge_min=0.0001 +experiment=uci_ntn_sweep model=lmpo2_typei dataset=breast
[2026-05-04 19:35:47,843][__main__][INFO] - ⏭ SKIP LMPO2TypeI/breast/NTN L=4 bd=8_rf0.3 seed=42 -> /zhome/6b/e/212868/GTN/outputs/ntn/breast/LMPO2TypeI_rg5_init0.1/L4_bd8_seed42_rf0.3_bondmpo1 | previous run failed with singular matrix (permanent) val=0.2824
[2026-05-04 19:35:47,846][HYDRA] 	#6 : model.reduction_factor=0.3 model.L=4 model.bond_dim=8 seed=10090 trainer.ridge=5 trainer.ridge_decay=0.25 trainer.ridge_min=0.0001 +experiment=uci_ntn_sweep model=lmpo2_typei dataset=breast
[2026-05-04 19:35:48,003][__main__][INFO] - ⏭ SKIP LMPO2TypeI/breast/NTN L=4 bd=8_rf0.3 seed=10090 -> /zhome/6b/e/212868/GTN/outputs/ntn/breast/LMPO2TypeI_rg5_init0.1/L4_bd8_seed10090_rf0.3_bondmpo1 | previous run failed with singular matrix (permanent) val=0.5294
[2026-05-04 19:35:48,005][HYDRA] 	#7 : model.reduction_factor=0.3 model.L=4 model.bond_dim=8 seed=32874 trainer.ridge=5 trainer.ridge_decay=0.25 trainer.ridge_min=0.0001 +experiment=uci_ntn_sweep model=lmpo2_typei dataset=breast
[2026-05-04 19:35:48,159][__main__][INFO] - ⏭ SKIP LMPO2TypeI/breast/NTN L=4 bd=8_rf0.3 seed=32874 -> /zhome/6b/e/212868/GTN/outputs/ntn/breast/LMPO2TypeI_rg5_init0.1/L4_bd8_seed32874_rf0.3_bondmpo1 | previous run failed with singular matrix (permanent) val=0.6353
[2026-05-04 19:35:48,161][HYDRA] 	#8 : model.reduction_factor=0.3 model.L=4 model.bond_dim=8 seed=47311 trainer.ridge=5 trainer.ridge_decay=0.25 trainer.ridge_min=0.0001 +experiment=uci_ntn_sweep model=lmpo2_typei dataset=breast
[2026-05-04 19:35:48,333][__main__][INFO] - ⏭ SKIP LMPO2TypeI/breast/NTN L=4 bd=8_rf0.3 seed=47311 -> /zhome/6b/e/212868/GTN/outputs/ntn/breast/LMPO2TypeI_rg5_init0.1/L4_bd8_seed47311_rf0.3_bondmpo1 | previous run failed with singular matrix (permanent) val=0.3059
[2026-05-04 19:35:48,335][HYDRA] 	#9 : model.reduction_factor=0.3 model.L=4 model.bond_dim=8 seed=47303 trainer.ridge=5 trainer.ridge_decay=0.25 trainer.ridge_min=0.0001 +experiment=uci_ntn_sweep model=lmpo2_typei dataset=breast
[2026-05-04 19:35:48,486][__main__][INFO] - ⏭ SKIP LMPO2TypeI/breast/NTN L=4 bd=8_rf0.3 seed=47303 -> /zhome/6b/e/212868/GTN/outputs/ntn/breast/LMPO2TypeI_rg5_init0.1/L4_bd8_seed47303_rf0.3_bondmpo1 | previous run failed with singular matrix (permanent) val=0.4000
[2026-05-04 19:35:48,488][HYDRA] 	#10 : model.reduction_factor=0.3 model.L=4 model.bond_dim=4 seed=42 trainer.ridge=5 trainer.ridge_decay=0.25 trainer.ridge_min=0.0001 +experiment=uci_ntn_sweep model=lmpo2_typei dataset=breast
[2026-05-04 19:35:48,639][__main__][INFO] - ⏭ SKIP LMPO2TypeI/breast/NTN L=4 bd=4_rf0.3 seed=42 -> /zhome/6b/e/212868/GTN/outputs/ntn/breast/LMPO2TypeI_rg5_init0.1/L4_bd4_seed42_rf0.3_bondmpo1 | previous run failed with singular matrix (permanent) 
[2026-05-04 19:35:48,641][HYDRA] 	#11 : model.reduction_factor=0.3 model.L=4 model.bond_dim=4 seed=10090 trainer.ridge=5 trainer.ridge_decay=0.25 trainer.ridge_min=0.0001 +experiment=uci_ntn_sweep model=lmpo2_typei dataset=breast
[2026-05-04 19:35:48,796][__main__][INFO] - ⏭ SKIP LMPO2TypeI/breast/NTN L=4 bd=4_rf0.3 seed=10090 -> /zhome/6b/e/212868/GTN/outputs/ntn/breast/LMPO2TypeI_rg5_init0.1/L4_bd4_seed10090_rf0.3_bondmpo1 | previous run failed with singular matrix (permanent) val=0.9412
[2026-05-04 19:35:48,799][HYDRA] 	#12 : model.reduction_factor=0.3 model.L=4 model.bond_dim=4 seed=32874 trainer.ridge=5 trainer.ridge_decay=0.25 trainer.ridge_min=0.0001 +experiment=uci_ntn_sweep model=lmpo2_typei dataset=breast
[2026-05-04 19:35:48,951][__main__][INFO] - ⏭ SKIP LMPO2TypeI/breast/NTN L=4 bd=4_rf0.3 seed=32874 -> /zhome/6b/e/212868/GTN/outputs/ntn/breast/LMPO2TypeI_rg5_init0.1/L4_bd4_seed32874_rf0.3_bondmpo1 | previous run failed with singular matrix (permanent) val=0.4353
[2026-05-04 19:35:48,953][HYDRA] 	#13 : model.reduction_factor=0.3 model.L=4 model.bond_dim=4 seed=47311 trainer.ridge=5 trainer.ridge_decay=0.25 trainer.ridge_min=0.0001 +experiment=uci_ntn_sweep model=lmpo2_typei dataset=breast
[2026-05-04 19:35:49,110][__main__][INFO] - ⏭ SKIP LMPO2TypeI/breast/NTN L=4 bd=4_rf0.3 seed=47311 -> /zhome/6b/e/212868/GTN/outputs/ntn/breast/LMPO2TypeI_rg5_init0.1/L4_bd4_seed47311_rf0.3_bondmpo1 | previous run failed with singular matrix (permanent) val=0.9294
[2026-05-04 19:35:49,113][HYDRA] 	#14 : model.reduction_factor=0.3 model.L=4 model.bond_dim=4 seed=47303 trainer.ridge=5 trainer.ridge_decay=0.25 trainer.ridge_min=0.0001 +experiment=uci_ntn_sweep model=lmpo2_typei dataset=breast
[2026-05-04 19:35:49,266][__main__][INFO] - ⏭ SKIP LMPO2TypeI/breast/NTN L=4 bd=4_rf0.3 seed=47303 -> /zhome/6b/e/212868/GTN/outputs/ntn/breast/LMPO2TypeI_rg5_init0.1/L4_bd4_seed47303_rf0.3_bondmpo1 | previous run failed with singular matrix (permanent) val=0.5412
[2026-05-04 19:35:49,268][HYDRA] 	#15 : model.reduction_factor=0.3 model.L=3 model.bond_dim=12 seed=42 trainer.ridge=5 trainer.ridge_decay=0.25 trainer.ridge_min=0.0001 +experiment=uci_ntn_sweep model=lmpo2_typei dataset=breast
[2026-05-04 19:35:49,425][__main__][INFO] - ⏭ SKIP LMPO2TypeI/breast/NTN L=3 bd=12_rf0.3 seed=42 -> /zhome/6b/e/212868/GTN/outputs/ntn/breast/LMPO2TypeI_rg5_init0.1/L3_bd12_seed42_rf0.3_bondmpo1 | previous run failed with singular matrix (permanent) val=0.5647
[2026-05-04 19:35:49,427][HYDRA] 	#16 : model.reduction_factor=0.3 model.L=3 model.bond_dim=12 seed=10090 trainer.ridge=5 trainer.ridge_decay=0.25 trainer.ridge_min=0.0001 +experiment=uci_ntn_sweep model=lmpo2_typei dataset=breast
[2026-05-04 19:35:49,580][__main__][INFO] - ⏭ SKIP LMPO2TypeI/breast/NTN L=3 bd=12_rf0.3 seed=10090 -> /zhome/6b/e/212868/GTN/outputs/ntn/breast/LMPO2TypeI_rg5_init0.1/L3_bd12_seed10090_rf0.3_bondmpo1 | previous run failed with singular matrix (permanent) val=0.9529
[2026-05-04 19:35:49,582][HYDRA] 	#17 : model.reduction_factor=0.3 model.L=3 model.bond_dim=12 seed=32874 trainer.ridge=5 trainer.ridge_decay=0.25 trainer.ridge_min=0.0001 +experiment=uci_ntn_sweep model=lmpo2_typei dataset=breast
[2026-05-04 19:35:49,735][__main__][INFO] - ⏭ SKIP LMPO2TypeI/breast/NTN L=3 bd=12_rf0.3 seed=32874 -> /zhome/6b/e/212868/GTN/outputs/ntn/breast/LMPO2TypeI_rg5_init0.1/L3_bd12_seed32874_rf0.3_bondmpo1 | previous run failed with singular matrix (permanent) val=0.9647
[2026-05-04 19:35:49,737][HYDRA] 	#18 : model.reduction_factor=0.3 model.L=3 model.bond_dim=12 seed=47311 trainer.ridge=5 trainer.ridge_decay=0.25 trainer.ridge_min=0.0001 +experiment=uci_ntn_sweep model=lmpo2_typei dataset=breast
[2026-05-04 19:35:49,912][__main__][INFO] - ⏭ SKIP LMPO2TypeI/breast/NTN L=3 bd=12_rf0.3 seed=47311 -> /zhome/6b/e/212868/GTN/outputs/ntn/breast/LMPO2TypeI_rg5_init0.1/L3_bd12_seed47311_rf0.3_bondmpo1 | previous run failed with singular matrix (permanent) val=0.9529
[2026-05-04 19:35:49,914][HYDRA] 	#19 : model.reduction_factor=0.3 model.L=3 model.bond_dim=12 seed=47303 trainer.ridge=5 trainer.ridge_decay=0.25 trainer.ridge_min=0.0001 +experiment=uci_ntn_sweep model=lmpo2_typei dataset=breast
[2026-05-04 19:35:50,067][__main__][INFO] - ⏭ SKIP LMPO2TypeI/breast/NTN L=3 bd=12_rf0.3 seed=47303 -> /zhome/6b/e/212868/GTN/outputs/ntn/breast/LMPO2TypeI_rg5_init0.1/L3_bd12_seed47303_rf0.3_bondmpo1 | previous run failed with singular matrix (permanent) 
[2026-05-04 19:35:50,070][HYDRA] 	#20 : model.reduction_factor=0.3 model.L=3 model.bond_dim=8 seed=42 trainer.ridge=5 trainer.ridge_decay=0.25 trainer.ridge_min=0.0001 +experiment=uci_ntn_sweep model=lmpo2_typei dataset=breast
[2026-05-04 19:35:50,228][__main__][INFO] - ⏭ SKIP LMPO2TypeI/breast/NTN L=3 bd=8_rf0.3 seed=42 -> /zhome/6b/e/212868/GTN/outputs/ntn/breast/LMPO2TypeI_rg5_init0.1/L3_bd8_seed42_rf0.3_bondmpo1 | previous run failed with singular matrix (permanent) val=0.4588
[2026-05-04 19:35:50,231][HYDRA] 	#21 : model.reduction_factor=0.3 model.L=3 model.bond_dim=8 seed=10090 trainer.ridge=5 trainer.ridge_decay=0.25 trainer.ridge_min=0.0001 +experiment=uci_ntn_sweep model=lmpo2_typei dataset=breast
[2026-05-04 19:35:50,397][__main__][INFO] - ⏭ SKIP LMPO2TypeI/breast/NTN L=3 bd=8_rf0.3 seed=10090 -> /zhome/6b/e/212868/GTN/outputs/ntn/breast/LMPO2TypeI_rg5_init0.1/L3_bd8_seed10090_rf0.3_bondmpo1 | previous run failed with singular matrix (permanent) val=0.9529
[2026-05-04 19:35:50,399][HYDRA] 	#22 : model.reduction_factor=0.3 model.L=3 model.bond_dim=8 seed=32874 trainer.ridge=5 trainer.ridge_decay=0.25 trainer.ridge_min=0.0001 +experiment=uci_ntn_sweep model=lmpo2_typei dataset=breast
[2026-05-04 19:35:50,552][__main__][INFO] - ⏭ SKIP LMPO2TypeI/breast/NTN L=3 bd=8_rf0.3 seed=32874 -> /zhome/6b/e/212868/GTN/outputs/ntn/breast/LMPO2TypeI_rg5_init0.1/L3_bd8_seed32874_rf0.3_bondmpo1 | previous run failed with singular matrix (permanent) val=0.9647
[2026-05-04 19:35:50,554][HYDRA] 	#23 : model.reduction_factor=0.3 model.L=3 model.bond_dim=8 seed=47311 trainer.ridge=5 trainer.ridge_decay=0.25 trainer.ridge_min=0.0001 +experiment=uci_ntn_sweep model=lmpo2_typei dataset=breast
[2026-05-04 19:35:50,706][__main__][INFO] - ⏭ SKIP LMPO2TypeI/breast/NTN L=3 bd=8_rf0.3 seed=47311 -> /zhome/6b/e/212868/GTN/outputs/ntn/breast/LMPO2TypeI_rg5_init0.1/L3_bd8_seed47311_rf0.3_bondmpo1 | previous run failed with singular matrix (permanent) val=0.9412
[2026-05-04 19:35:50,708][HYDRA] 	#24 : model.reduction_factor=0.3 model.L=3 model.bond_dim=8 seed=47303 trainer.ridge=5 trainer.ridge_decay=0.25 trainer.ridge_min=0.0001 +experiment=uci_ntn_sweep model=lmpo2_typei dataset=breast
[2026-05-04 19:35:50,862][__main__][INFO] - ⏭ SKIP LMPO2TypeI/breast/NTN L=3 bd=8_rf0.3 seed=47303 -> /zhome/6b/e/212868/GTN/outputs/ntn/breast/LMPO2TypeI_rg5_init0.1/L3_bd8_seed47303_rf0.3_bondmpo1 | previous run failed with singular matrix (permanent) val=0.9529
[2026-05-04 19:35:50,864][HYDRA] 	#25 : model.reduction_factor=0.3 model.L=3 model.bond_dim=4 seed=42 trainer.ridge=5 trainer.ridge_decay=0.25 trainer.ridge_min=0.0001 +experiment=uci_ntn_sweep model=lmpo2_typei dataset=breast
[2026-05-04 19:35:51,217][__main__][INFO] - ⏭ SKIP LMPO2TypeI/breast/NTN L=3 bd=4_rf0.3 seed=42 -> /zhome/6b/e/212868/GTN/outputs/ntn/breast/LMPO2TypeI_rg5_init0.1/L3_bd4_seed42_rf0.3_bondmpo1 | already completed successfully (val_quality=0.9647058823529412) val=0.9647
[2026-05-04 19:35:51,220][HYDRA] 	#26 : model.reduction_factor=0.3 model.L=3 model.bond_dim=4 seed=10090 trainer.ridge=5 trainer.ridge_decay=0.25 trainer.ridge_min=0.0001 +experiment=uci_ntn_sweep model=lmpo2_typei dataset=breast
[2026-05-04 19:35:51,375][__main__][INFO] - ⏭ SKIP LMPO2TypeI/breast/NTN L=3 bd=4_rf0.3 seed=10090 -> /zhome/6b/e/212868/GTN/outputs/ntn/breast/LMPO2TypeI_rg5_init0.1/L3_bd4_seed10090_rf0.3_bondmpo1 | already completed successfully (val_quality=0.9529411764705882) val=0.9529
[2026-05-04 19:35:51,377][HYDRA] 	#27 : model.reduction_factor=0.3 model.L=3 model.bond_dim=4 seed=32874 trainer.ridge=5 trainer.ridge_decay=0.25 trainer.ridge_min=0.0001 +experiment=uci_ntn_sweep model=lmpo2_typei dataset=breast
[2026-05-04 19:35:51,527][__main__][INFO] - ⏭ SKIP LMPO2TypeI/breast/NTN L=3 bd=4_rf0.3 seed=32874 -> /zhome/6b/e/212868/GTN/outputs/ntn/breast/LMPO2TypeI_rg5_init0.1/L3_bd4_seed32874_rf0.3_bondmpo1 | already completed successfully (val_quality=0.9529411764705882) val=0.9529
[2026-05-04 19:35:51,529][HYDRA] 	#28 : model.reduction_factor=0.3 model.L=3 model.bond_dim=4 seed=47311 trainer.ridge=5 trainer.ridge_decay=0.25 trainer.ridge_min=0.0001 +experiment=uci_ntn_sweep model=lmpo2_typei dataset=breast
[2026-05-04 19:35:51,682][__main__][INFO] - ⏭ SKIP LMPO2TypeI/breast/NTN L=3 bd=4_rf0.3 seed=47311 -> /zhome/6b/e/212868/GTN/outputs/ntn/breast/LMPO2TypeI_rg5_init0.1/L3_bd4_seed47311_rf0.3_bondmpo1 | already completed successfully (val_quality=0.9411764705882352) val=0.9412
[2026-05-04 19:35:51,684][HYDRA] 	#29 : model.reduction_factor=0.3 model.L=3 model.bond_dim=4 seed=47303 trainer.ridge=5 trainer.ridge_decay=0.25 trainer.ridge_min=0.0001 +experiment=uci_ntn_sweep model=lmpo2_typei dataset=breast
[2026-05-04 19:35:51,835][__main__][INFO] - ⏭ SKIP LMPO2TypeI/breast/NTN L=3 bd=4_rf0.3 seed=47303 -> /zhome/6b/e/212868/GTN/outputs/ntn/breast/LMPO2TypeI_rg5_init0.1/L3_bd4_seed47303_rf0.3_bondmpo1 | already completed successfully (val_quality=0.9647058823529412) val=0.9647
[2026-05-04 19:35:51,838][HYDRA] 	#30 : model.reduction_factor=0.5 model.L=4 model.bond_dim=12 seed=42 trainer.ridge=5 trainer.ridge_decay=0.25 trainer.ridge_min=0.0001 +experiment=uci_ntn_sweep model=lmpo2_typei dataset=breast
[2026-05-04 19:35:51,993][__main__][INFO] - ▶ RUN LMPO2TypeI/breast/NTN L=4 bd=12_rf0.5 seed=42 -> /zhome/6b/e/212868/GTN/outputs/ntn/breast/LMPO2TypeI_rg5_init0.1/L4_bd12_seed42_rf0.5_bondmpo1
Starting Ensemble Fit: 20 epochs
Models: [(1, 2), (2, 4), (3, 6), (4, 8)]
Total nodes: 20
Validation: Using separate validation set
Early stopping: patience=10, min_delta=0.001
Init    | Train: loss: 11.13535 | quality: 0.66583
        | Val:   loss: 7.03318 | quality: 0.62353


------------------------------------------------------------
Sender: LSF System <lsfadmin@hpc.dtu.dk>
Subject: Job 28348578[1]: <ntn_missing[1-20]%10> in cluster <dcc> Exited

Job <ntn_missing[1-20]%10> was submitted from host <hpclogin1> by user <nicci> in cluster <dcc> at Mon May  4 19:35:19 2026
Job was executed on host(s) <16*n-62-29-32>, in queue <hpc>, as user <nicci> in cluster <dcc> at Mon May  4 19:35:19 2026
</zhome/6b/e/212868> was used as the home directory.
</zhome/6b/e/212868/GTN> was used as the working directory.
Started at Mon May  4 19:35:19 2026
Terminated at Mon May  4 19:36:29 2026
Results reported at Mon May  4 19:36:29 2026

Your job looked like:

------------------------------------------------------------
# LSBATCH: User input
#!/bin/bash
#BSUB -q hpc
#BSUB -J "ntn_missing[1-20]%10"
#BSUB -W 12:00
#BSUB -n 16
#BSUB -R "rusage[mem=3GB]"
#BSUB -R "span[hosts=1]"
#BSUB -o logs/%J_%I.out
#BSUB -e logs/%J_%I.err

# Missing model-dataset combinations from README.md (NTN only, ignoring GTN)
# Total: 20 combinations

source .venv/bin/activate

declare -a COMBINATIONS=(
    # LMPO2TypeI (11 datasets)
    "lmpo2_typei breast"
    "lmpo2_typei car_evaluation"
    "lmpo2_typei obesity"
    "lmpo2_typei seoulBike"
    "lmpo2_typei student_perf"
    "lmpo2_typei adult"
    "lmpo2_typei appliances"
    "lmpo2_typei bank"
    "lmpo2_typei mushrooms"
    "lmpo2_typei popularity"
    "lmpo2_typei student_dropout"
    # MMPO2 (3 datasets)
    "mmpo2 adult"
    "mmpo2 mushrooms"
    "mmpo2 popularity"
    # MMPO2TypeI (4 datasets)
    "mmpo2_typei adult"
    "mmpo2_typei bank"
    "mmpo2_typei mushrooms"
    "mmpo2_typei popularity"
    # TNML_F (2 datasets)
    "tnml_f adult"
    "tnml_f bank"
)

NUM_COMBINATIONS=${#COMBINATIONS[@]}

if [ "$1" == "test" ]; then
    echo "SIMULATING ARRAY:"
    echo "-----------------"
    echo "Total combinations: $NUM_COMBINATIONS"
    echo ""


(... more ...)
------------------------------------------------------------

TERM_MEMLIMIT: job killed after reaching LSF memory usage limit.
Exited with exit code 137.

Resource usage summary:

    CPU time :                                   231.00 sec.
    Max Memory :                                 49152 MB
    Average Memory :                             417.00 MB
    Total Requested Memory :                     49152.00 MB
    Delta Memory :                               0.00 MB
    Max Swap :                                   -
    Max Processes :                              18
    Max Threads :                                273
    Run time :                                   70 sec.
    Turnaround time :                            70 sec.

The output (if any) is above this job summary.



PS:

Read file <logs/28348578_1.err> for stderr output of this job.

