Task 1: Dataset=adult, Model=bosonmps, Experiment=uci_gtn_sweep
[2026-05-04 13:12:47,178][HYDRA] Launching 30 jobs locally
[2026-05-04 13:12:47,178][HYDRA] 	#0 : model.L=4 model.bond_dim=12 seed=42 trainer.lr=0.005 trainer.ridge=0.005 trainer.optimizer=adamw +experiment=uci_gtn_sweep model=bosonmps dataset=adult
[2026-05-04 13:12:47,684][utils.tracking][INFO] - Loaded 18906 tracked runs from runs_tracking.csv
[2026-05-04 13:12:47,686][__main__][INFO] - ▶ RUN BosonMPS/adult/GTN L=4 bd=12 seed=42 -> /zhome/6b/e/212868/GTN/outputs/gtn/adult/BosonMPS_rg0.005_init0.1/L4_bd12_seed42
[2026-05-04 13:16:49,933][__main__][INFO] - Early stopping at epoch 104 (no improvement for 100 epochs)
[2026-05-04 13:16:49,988][__main__][INFO] - ✓ DONE BosonMPS/adult/GTN L=4 bd=12 seed=42 -> /zhome/6b/e/212868/GTN/outputs/gtn/adult/BosonMPS_rg0.005_init0.1/L4_bd12_seed42 | val=0.5517
[2026-05-04 13:16:49,995][HYDRA] 	#1 : model.L=4 model.bond_dim=12 seed=10090 trainer.lr=0.005 trainer.ridge=0.005 trainer.optimizer=adamw +experiment=uci_gtn_sweep model=bosonmps dataset=adult
[2026-05-04 13:16:50,290][__main__][INFO] - ▶ RUN BosonMPS/adult/GTN L=4 bd=12 seed=10090 -> /zhome/6b/e/212868/GTN/outputs/gtn/adult/BosonMPS_rg0.005_init0.1/L4_bd12_seed10090
[2026-05-04 13:19:58,764][__main__][INFO] - Early stopping at epoch 112 (no improvement for 100 epochs)
[2026-05-04 13:19:58,774][__main__][INFO] - ✓ DONE BosonMPS/adult/GTN L=4 bd=12 seed=10090 -> /zhome/6b/e/212868/GTN/outputs/gtn/adult/BosonMPS_rg0.005_init0.1/L4_bd12_seed10090 | val=0.5519
[2026-05-04 13:19:58,777][HYDRA] 	#2 : model.L=4 model.bond_dim=12 seed=32874 trainer.lr=0.005 trainer.ridge=0.005 trainer.optimizer=adamw +experiment=uci_gtn_sweep model=bosonmps dataset=adult
[2026-05-04 13:19:58,939][__main__][INFO] - ▶ RUN BosonMPS/adult/GTN L=4 bd=12 seed=32874 -> /zhome/6b/e/212868/GTN/outputs/gtn/adult/BosonMPS_rg0.005_init0.1/L4_bd12_seed32874
[2026-05-04 13:22:57,362][__main__][INFO] - Early stopping at epoch 112 (no improvement for 100 epochs)
[2026-05-04 13:22:57,371][__main__][INFO] - ✓ DONE BosonMPS/adult/GTN L=4 bd=12 seed=32874 -> /zhome/6b/e/212868/GTN/outputs/gtn/adult/BosonMPS_rg0.005_init0.1/L4_bd12_seed32874 | val=0.5509
[2026-05-04 13:22:57,375][HYDRA] 	#3 : model.L=4 model.bond_dim=12 seed=47311 trainer.lr=0.005 trainer.ridge=0.005 trainer.optimizer=adamw +experiment=uci_gtn_sweep model=bosonmps dataset=adult
[2026-05-04 13:22:57,546][__main__][INFO] - ▶ RUN BosonMPS/adult/GTN L=4 bd=12 seed=47311 -> /zhome/6b/e/212868/GTN/outputs/gtn/adult/BosonMPS_rg0.005_init0.1/L4_bd12_seed47311
[2026-05-04 13:26:20,132][__main__][INFO] - Early stopping at epoch 127 (no improvement for 100 epochs)
[2026-05-04 13:26:20,142][__main__][INFO] - ✓ DONE BosonMPS/adult/GTN L=4 bd=12 seed=47311 -> /zhome/6b/e/212868/GTN/outputs/gtn/adult/BosonMPS_rg0.005_init0.1/L4_bd12_seed47311 | val=0.5521
[2026-05-04 13:26:20,146][HYDRA] 	#4 : model.L=4 model.bond_dim=12 seed=47303 trainer.lr=0.005 trainer.ridge=0.005 trainer.optimizer=adamw +experiment=uci_gtn_sweep model=bosonmps dataset=adult
[2026-05-04 13:26:20,609][__main__][INFO] - ▶ RUN BosonMPS/adult/GTN L=4 bd=12 seed=47303 -> /zhome/6b/e/212868/GTN/outputs/gtn/adult/BosonMPS_rg0.005_init0.1/L4_bd12_seed47303
[2026-05-04 13:32:52,304][__main__][INFO] - Early stopping at epoch 253 (no improvement for 100 epochs)
[2026-05-04 13:32:52,315][__main__][INFO] - ✓ DONE BosonMPS/adult/GTN L=4 bd=12 seed=47303 -> /zhome/6b/e/212868/GTN/outputs/gtn/adult/BosonMPS_rg0.005_init0.1/L4_bd12_seed47303 | val=0.5531
[2026-05-04 13:32:52,318][HYDRA] 	#5 : model.L=4 model.bond_dim=8 seed=42 trainer.lr=0.005 trainer.ridge=0.005 trainer.optimizer=adamw +experiment=uci_gtn_sweep model=bosonmps dataset=adult
[2026-05-04 13:32:52,505][__main__][INFO] - ▶ RUN BosonMPS/adult/GTN L=4 bd=8 seed=42 -> /zhome/6b/e/212868/GTN/outputs/gtn/adult/BosonMPS_rg0.005_init0.1/L4_bd8_seed42
[2026-05-04 13:36:52,013][__main__][INFO] - Early stopping at epoch 178 (no improvement for 100 epochs)
[2026-05-04 13:36:52,024][__main__][INFO] - ✓ DONE BosonMPS/adult/GTN L=4 bd=8 seed=42 -> /zhome/6b/e/212868/GTN/outputs/gtn/adult/BosonMPS_rg0.005_init0.1/L4_bd8_seed42 | val=0.5586
[2026-05-04 13:36:52,027][HYDRA] 	#6 : model.L=4 model.bond_dim=8 seed=10090 trainer.lr=0.005 trainer.ridge=0.005 trainer.optimizer=adamw +experiment=uci_gtn_sweep model=bosonmps dataset=adult
[2026-05-04 13:36:52,206][__main__][INFO] - ▶ RUN BosonMPS/adult/GTN L=4 bd=8 seed=10090 -> /zhome/6b/e/212868/GTN/outputs/gtn/adult/BosonMPS_rg0.005_init0.1/L4_bd8_seed10090
[2026-05-04 13:40:45,482][__main__][INFO] - Early stopping at epoch 173 (no improvement for 100 epochs)
[2026-05-04 13:40:45,494][__main__][INFO] - ✓ DONE BosonMPS/adult/GTN L=4 bd=8 seed=10090 -> /zhome/6b/e/212868/GTN/outputs/gtn/adult/BosonMPS_rg0.005_init0.1/L4_bd8_seed10090 | val=0.5565
[2026-05-04 13:40:45,497][HYDRA] 	#7 : model.L=4 model.bond_dim=8 seed=32874 trainer.lr=0.005 trainer.ridge=0.005 trainer.optimizer=adamw +experiment=uci_gtn_sweep model=bosonmps dataset=adult
[2026-05-04 13:40:45,663][__main__][INFO] - ▶ RUN BosonMPS/adult/GTN L=4 bd=8 seed=32874 -> /zhome/6b/e/212868/GTN/outputs/gtn/adult/BosonMPS_rg0.005_init0.1/L4_bd8_seed32874
[2026-05-04 13:45:14,104][__main__][INFO] - Early stopping at epoch 186 (no improvement for 100 epochs)
[2026-05-04 13:45:14,115][__main__][INFO] - ✓ DONE BosonMPS/adult/GTN L=4 bd=8 seed=32874 -> /zhome/6b/e/212868/GTN/outputs/gtn/adult/BosonMPS_rg0.005_init0.1/L4_bd8_seed32874 | val=0.5558
[2026-05-04 13:45:14,119][HYDRA] 	#8 : model.L=4 model.bond_dim=8 seed=47311 trainer.lr=0.005 trainer.ridge=0.005 trainer.optimizer=adamw +experiment=uci_gtn_sweep model=bosonmps dataset=adult
[2026-05-04 13:45:14,291][__main__][INFO] - ▶ RUN BosonMPS/adult/GTN L=4 bd=8 seed=47311 -> /zhome/6b/e/212868/GTN/outputs/gtn/adult/BosonMPS_rg0.005_init0.1/L4_bd8_seed47311
[2026-05-04 13:54:23,962][__main__][INFO] - Early stopping at epoch 403 (no improvement for 100 epochs)
[2026-05-04 13:54:23,975][__main__][INFO] - ✓ DONE BosonMPS/adult/GTN L=4 bd=8 seed=47311 -> /zhome/6b/e/212868/GTN/outputs/gtn/adult/BosonMPS_rg0.005_init0.1/L4_bd8_seed47311 | val=0.5568
[2026-05-04 13:54:23,978][HYDRA] 	#9 : model.L=4 model.bond_dim=8 seed=47303 trainer.lr=0.005 trainer.ridge=0.005 trainer.optimizer=adamw +experiment=uci_gtn_sweep model=bosonmps dataset=adult
[2026-05-04 13:54:24,142][__main__][INFO] - ▶ RUN BosonMPS/adult/GTN L=4 bd=8 seed=47303 -> /zhome/6b/e/212868/GTN/outputs/gtn/adult/BosonMPS_rg0.005_init0.1/L4_bd8_seed47303
[2026-05-04 13:58:03,790][__main__][INFO] - Early stopping at epoch 176 (no improvement for 100 epochs)
[2026-05-04 13:58:03,800][__main__][INFO] - ✓ DONE BosonMPS/adult/GTN L=4 bd=8 seed=47303 -> /zhome/6b/e/212868/GTN/outputs/gtn/adult/BosonMPS_rg0.005_init0.1/L4_bd8_seed47303 | val=0.5573
[2026-05-04 13:58:03,803][HYDRA] 	#10 : model.L=4 model.bond_dim=4 seed=42 trainer.lr=0.005 trainer.ridge=0.005 trainer.optimizer=adamw +experiment=uci_gtn_sweep model=bosonmps dataset=adult
[2026-05-04 13:58:03,967][__main__][INFO] - ▶ RUN BosonMPS/adult/GTN L=4 bd=4 seed=42 -> /zhome/6b/e/212868/GTN/outputs/gtn/adult/BosonMPS_rg0.005_init0.1/L4_bd4_seed42
[2026-05-04 14:01:15,624][__main__][INFO] - Early stopping at epoch 145 (no improvement for 100 epochs)
[2026-05-04 14:01:15,635][__main__][INFO] - ✓ DONE BosonMPS/adult/GTN L=4 bd=4 seed=42 -> /zhome/6b/e/212868/GTN/outputs/gtn/adult/BosonMPS_rg0.005_init0.1/L4_bd4_seed42 | val=0.5612
[2026-05-04 14:01:15,639][HYDRA] 	#11 : model.L=4 model.bond_dim=4 seed=10090 trainer.lr=0.005 trainer.ridge=0.005 trainer.optimizer=adamw +experiment=uci_gtn_sweep model=bosonmps dataset=adult
[2026-05-04 14:01:15,809][__main__][INFO] - ▶ RUN BosonMPS/adult/GTN L=4 bd=4 seed=10090 -> /zhome/6b/e/212868/GTN/outputs/gtn/adult/BosonMPS_rg0.005_init0.1/L4_bd4_seed10090
[2026-05-04 14:05:09,695][__main__][INFO] - Early stopping at epoch 179 (no improvement for 100 epochs)
[2026-05-04 14:05:09,706][__main__][INFO] - ✓ DONE BosonMPS/adult/GTN L=4 bd=4 seed=10090 -> /zhome/6b/e/212868/GTN/outputs/gtn/adult/BosonMPS_rg0.005_init0.1/L4_bd4_seed10090 | val=0.5617
[2026-05-04 14:05:09,709][HYDRA] 	#12 : model.L=4 model.bond_dim=4 seed=32874 trainer.lr=0.005 trainer.ridge=0.005 trainer.optimizer=adamw +experiment=uci_gtn_sweep model=bosonmps dataset=adult
[2026-05-04 14:05:09,876][__main__][INFO] - ▶ RUN BosonMPS/adult/GTN L=4 bd=4 seed=32874 -> /zhome/6b/e/212868/GTN/outputs/gtn/adult/BosonMPS_rg0.005_init0.1/L4_bd4_seed32874
[2026-05-04 14:08:36,203][__main__][INFO] - Early stopping at epoch 156 (no improvement for 100 epochs)
[2026-05-04 14:08:36,213][__main__][INFO] - ✓ DONE BosonMPS/adult/GTN L=4 bd=4 seed=32874 -> /zhome/6b/e/212868/GTN/outputs/gtn/adult/BosonMPS_rg0.005_init0.1/L4_bd4_seed32874 | val=0.5612
[2026-05-04 14:08:36,217][HYDRA] 	#13 : model.L=4 model.bond_dim=4 seed=47311 trainer.lr=0.005 trainer.ridge=0.005 trainer.optimizer=adamw +experiment=uci_gtn_sweep model=bosonmps dataset=adult
[2026-05-04 14:08:36,395][__main__][INFO] - ▶ RUN BosonMPS/adult/GTN L=4 bd=4 seed=47311 -> /zhome/6b/e/212868/GTN/outputs/gtn/adult/BosonMPS_rg0.005_init0.1/L4_bd4_seed47311
[2026-05-04 14:11:36,640][__main__][INFO] - Early stopping at epoch 137 (no improvement for 100 epochs)
[2026-05-04 14:11:36,650][__main__][INFO] - ✓ DONE BosonMPS/adult/GTN L=4 bd=4 seed=47311 -> /zhome/6b/e/212868/GTN/outputs/gtn/adult/BosonMPS_rg0.005_init0.1/L4_bd4_seed47311 | val=0.5620
[2026-05-04 14:11:36,653][HYDRA] 	#14 : model.L=4 model.bond_dim=4 seed=47303 trainer.lr=0.005 trainer.ridge=0.005 trainer.optimizer=adamw +experiment=uci_gtn_sweep model=bosonmps dataset=adult
[2026-05-04 14:11:36,814][__main__][INFO] - ▶ RUN BosonMPS/adult/GTN L=4 bd=4 seed=47303 -> /zhome/6b/e/212868/GTN/outputs/gtn/adult/BosonMPS_rg0.005_init0.1/L4_bd4_seed47303
[2026-05-04 14:15:15,402][__main__][INFO] - Early stopping at epoch 167 (no improvement for 100 epochs)
[2026-05-04 14:15:15,416][__main__][INFO] - ✓ DONE BosonMPS/adult/GTN L=4 bd=4 seed=47303 -> /zhome/6b/e/212868/GTN/outputs/gtn/adult/BosonMPS_rg0.005_init0.1/L4_bd4_seed47303 | val=0.5614
[2026-05-04 14:15:15,419][HYDRA] 	#15 : model.L=3 model.bond_dim=12 seed=42 trainer.lr=0.005 trainer.ridge=0.005 trainer.optimizer=adamw +experiment=uci_gtn_sweep model=bosonmps dataset=adult
[2026-05-04 14:15:15,618][__main__][INFO] - ⏭ SKIP BosonMPS/adult/GTN L=3 bd=12 seed=42 -> /zhome/6b/e/212868/GTN/outputs/gtn/adult/BosonMPS_rg0.005_init0.1/L3_bd12_seed42 | already completed successfully (val_quality=0.5552825331687927) val=0.5553
[2026-05-04 14:15:15,620][HYDRA] 	#16 : model.L=3 model.bond_dim=12 seed=10090 trainer.lr=0.005 trainer.ridge=0.005 trainer.optimizer=adamw +experiment=uci_gtn_sweep model=bosonmps dataset=adult
[2026-05-04 14:15:15,773][__main__][INFO] - ⏭ SKIP BosonMPS/adult/GTN L=3 bd=12 seed=10090 -> /zhome/6b/e/212868/GTN/outputs/gtn/adult/BosonMPS_rg0.005_init0.1/L3_bd12_seed10090 | already completed successfully (val_quality=0.5592410564422607) val=0.5592
[2026-05-04 14:15:15,775][HYDRA] 	#17 : model.L=3 model.bond_dim=12 seed=32874 trainer.lr=0.005 trainer.ridge=0.005 trainer.optimizer=adamw +experiment=uci_gtn_sweep model=bosonmps dataset=adult
[2026-05-04 14:15:15,934][__main__][INFO] - ▶ RUN BosonMPS/adult/GTN L=3 bd=12 seed=32874 -> /zhome/6b/e/212868/GTN/outputs/gtn/adult/BosonMPS_rg0.005_init0.1/L3_bd12_seed32874
[2026-05-04 14:19:26,989][__main__][INFO] - Early stopping at epoch 200 (no improvement for 100 epochs)
[2026-05-04 14:19:27,001][__main__][INFO] - ✓ DONE BosonMPS/adult/GTN L=3 bd=12 seed=32874 -> /zhome/6b/e/212868/GTN/outputs/gtn/adult/BosonMPS_rg0.005_init0.1/L3_bd12_seed32874 | val=0.5549
[2026-05-04 14:19:27,004][HYDRA] 	#18 : model.L=3 model.bond_dim=12 seed=47311 trainer.lr=0.005 trainer.ridge=0.005 trainer.optimizer=adamw +experiment=uci_gtn_sweep model=bosonmps dataset=adult
[2026-05-04 14:19:27,170][__main__][INFO] - ▶ RUN BosonMPS/adult/GTN L=3 bd=12 seed=47311 -> /zhome/6b/e/212868/GTN/outputs/gtn/adult/BosonMPS_rg0.005_init0.1/L3_bd12_seed47311
[2026-05-04 14:21:49,858][__main__][INFO] - Early stopping at epoch 112 (no improvement for 100 epochs)
[2026-05-04 14:21:49,867][__main__][INFO] - ✓ DONE BosonMPS/adult/GTN L=3 bd=12 seed=47311 -> /zhome/6b/e/212868/GTN/outputs/gtn/adult/BosonMPS_rg0.005_init0.1/L3_bd12_seed47311 | val=0.5568
[2026-05-04 14:21:49,870][HYDRA] 	#19 : model.L=3 model.bond_dim=12 seed=47303 trainer.lr=0.005 trainer.ridge=0.005 trainer.optimizer=adamw +experiment=uci_gtn_sweep model=bosonmps dataset=adult
[2026-05-04 14:21:50,028][__main__][INFO] - ▶ RUN BosonMPS/adult/GTN L=3 bd=12 seed=47303 -> /zhome/6b/e/212868/GTN/outputs/gtn/adult/BosonMPS_rg0.005_init0.1/L3_bd12_seed47303
[2026-05-04 14:24:54,177][__main__][INFO] - Early stopping at epoch 145 (no improvement for 100 epochs)
[2026-05-04 14:24:54,189][__main__][INFO] - ✓ DONE BosonMPS/adult/GTN L=3 bd=12 seed=47303 -> /zhome/6b/e/212868/GTN/outputs/gtn/adult/BosonMPS_rg0.005_init0.1/L3_bd12_seed47303 | val=0.5549
[2026-05-04 14:24:54,192][HYDRA] 	#20 : model.L=3 model.bond_dim=8 seed=42 trainer.lr=0.005 trainer.ridge=0.005 trainer.optimizer=adamw +experiment=uci_gtn_sweep model=bosonmps dataset=adult
[2026-05-04 14:24:54,375][__main__][INFO] - ⏭ SKIP BosonMPS/adult/GTN L=3 bd=8 seed=42 -> /zhome/6b/e/212868/GTN/outputs/gtn/adult/BosonMPS_rg0.005_init0.1/L3_bd8_seed42 | already completed successfully (val_quality=0.5596505403518677) val=0.5597
[2026-05-04 14:24:54,378][HYDRA] 	#21 : model.L=3 model.bond_dim=8 seed=10090 trainer.lr=0.005 trainer.ridge=0.005 trainer.optimizer=adamw +experiment=uci_gtn_sweep model=bosonmps dataset=adult
[2026-05-04 14:24:54,550][__main__][INFO] - ⏭ SKIP BosonMPS/adult/GTN L=3 bd=8 seed=10090 -> /zhome/6b/e/212868/GTN/outputs/gtn/adult/BosonMPS_rg0.005_init0.1/L3_bd8_seed10090 | already completed successfully (val_quality=0.5592410564422607) val=0.5592
[2026-05-04 14:24:54,552][HYDRA] 	#22 : model.L=3 model.bond_dim=8 seed=32874 trainer.lr=0.005 trainer.ridge=0.005 trainer.optimizer=adamw +experiment=uci_gtn_sweep model=bosonmps dataset=adult
[2026-05-04 14:24:54,787][__main__][INFO] - ⏭ SKIP BosonMPS/adult/GTN L=3 bd=8 seed=32874 -> /zhome/6b/e/212868/GTN/outputs/gtn/adult/BosonMPS_rg0.005_init0.1/L3_bd8_seed32874 | already completed successfully (val_quality=0.5552825331687927) val=0.5553
[2026-05-04 14:24:54,789][HYDRA] 	#23 : model.L=3 model.bond_dim=8 seed=47311 trainer.lr=0.005 trainer.ridge=0.005 trainer.optimizer=adamw +experiment=uci_gtn_sweep model=bosonmps dataset=adult
[2026-05-04 14:24:54,950][__main__][INFO] - ⏭ SKIP BosonMPS/adult/GTN L=3 bd=8 seed=47311 -> /zhome/6b/e/212868/GTN/outputs/gtn/adult/BosonMPS_rg0.005_init0.1/L3_bd8_seed47311 | already completed successfully (val_quality=0.5569205284118652) val=0.5569
[2026-05-04 14:24:54,951][HYDRA] 	#24 : model.L=3 model.bond_dim=8 seed=47303 trainer.lr=0.005 trainer.ridge=0.005 trainer.optimizer=adamw +experiment=uci_gtn_sweep model=bosonmps dataset=adult
[2026-05-04 14:24:55,137][__main__][INFO] - ⏭ SKIP BosonMPS/adult/GTN L=3 bd=8 seed=47303 -> /zhome/6b/e/212868/GTN/outputs/gtn/adult/BosonMPS_rg0.005_init0.1/L3_bd8_seed47303 | already completed successfully (val_quality=0.5561015605926514) val=0.5561
[2026-05-04 14:24:55,139][HYDRA] 	#25 : model.L=3 model.bond_dim=4 seed=42 trainer.lr=0.005 trainer.ridge=0.005 trainer.optimizer=adamw +experiment=uci_gtn_sweep model=bosonmps dataset=adult
[2026-05-04 14:24:55,303][__main__][INFO] - ⏭ SKIP BosonMPS/adult/GTN L=3 bd=4 seed=42 -> /zhome/6b/e/212868/GTN/outputs/gtn/adult/BosonMPS_rg0.005_init0.1/L3_bd4_seed42 | already completed successfully (val_quality=0.560606062412262) val=0.5606
[2026-05-04 14:24:55,306][HYDRA] 	#26 : model.L=3 model.bond_dim=4 seed=10090 trainer.lr=0.005 trainer.ridge=0.005 trainer.optimizer=adamw +experiment=uci_gtn_sweep model=bosonmps dataset=adult
[2026-05-04 14:24:55,474][__main__][INFO] - ⏭ SKIP BosonMPS/adult/GTN L=3 bd=4 seed=10090 -> /zhome/6b/e/212868/GTN/outputs/gtn/adult/BosonMPS_rg0.005_init0.1/L3_bd4_seed10090 | already completed successfully (val_quality=0.559514045715332) val=0.5595
[2026-05-04 14:24:55,476][HYDRA] 	#27 : model.L=3 model.bond_dim=4 seed=32874 trainer.lr=0.005 trainer.ridge=0.005 trainer.optimizer=adamw +experiment=uci_gtn_sweep model=bosonmps dataset=adult
[2026-05-04 14:24:55,640][__main__][INFO] - ⏭ SKIP BosonMPS/adult/GTN L=3 bd=4 seed=32874 -> /zhome/6b/e/212868/GTN/outputs/gtn/adult/BosonMPS_rg0.005_init0.1/L3_bd4_seed32874 | already completed successfully (val_quality=0.5614250898361206) val=0.5614
[2026-05-04 14:24:55,642][HYDRA] 	#28 : model.L=3 model.bond_dim=4 seed=47311 trainer.lr=0.005 trainer.ridge=0.005 trainer.optimizer=adamw +experiment=uci_gtn_sweep model=bosonmps dataset=adult
[2026-05-04 14:24:55,805][__main__][INFO] - ⏭ SKIP BosonMPS/adult/GTN L=3 bd=4 seed=47311 -> /zhome/6b/e/212868/GTN/outputs/gtn/adult/BosonMPS_rg0.005_init0.1/L3_bd4_seed47311 | already completed successfully (val_quality=0.5588315725326538) val=0.5588
[2026-05-04 14:24:55,807][HYDRA] 	#29 : model.L=3 model.bond_dim=4 seed=47303 trainer.lr=0.005 trainer.ridge=0.005 trainer.optimizer=adamw +experiment=uci_gtn_sweep model=bosonmps dataset=adult
[2026-05-04 14:24:55,970][__main__][INFO] - ⏭ SKIP BosonMPS/adult/GTN L=3 bd=4 seed=47303 -> /zhome/6b/e/212868/GTN/outputs/gtn/adult/BosonMPS_rg0.005_init0.1/L3_bd4_seed47303 | already completed successfully (val_quality=0.562790036201477) val=0.5628

------------------------------------------------------------
Sender: LSF System <lsfadmin@hpc.dtu.dk>
Subject: Job 28345353[1]: <gtn_boson[1-4]%4> in cluster <dcc> Done

Job <gtn_boson[1-4]%4> was submitted from host <hpclogin1> by user <nicci> in cluster <dcc> at Mon May  4 13:12:35 2026
Job was executed on host(s) <4*n-62-31-16>, in queue <hpc>, as user <nicci> in cluster <dcc> at Mon May  4 13:12:35 2026
</zhome/6b/e/212868> was used as the home directory.
</zhome/6b/e/212868/GTN> was used as the working directory.
Started at Mon May  4 13:12:35 2026
Terminated at Mon May  4 14:24:57 2026
Results reported at Mon May  4 14:24:57 2026

Your job looked like:

------------------------------------------------------------
# LSBATCH: User input
#!/bin/bash
#BSUB -q hpc
#BSUB -J "gtn_boson[1-4]%4"
#BSUB -W 2:00
#BSUB -n 4
#BSUB -R "rusage[mem=1GB]"
#BSUB -R "span[hosts=1]"
#BSUB -o logs/%J_%I.out
#BSUB -e logs/%J_%I.err

MODELS=("bosonmps")

DATASETS=(
    "adult" "appliances" "bank" "popularity" )

NUM_MODELS=${#MODELS[@]}
NUM_DATASETS=${#DATASETS[@]}
NUM_EXPERIMENTS=$((NUM_DATASETS * NUM_MODELS))

if [ "$1" == "test" ]; then
    echo "SIMULATING ARRAY:"
    echo "-----------------"

    for ((i=1; i<=NUM_EXPERIMENTS; i++)); do
        IDV=$((i - 1))
        MODEL_IDX=$((IDV % NUM_MODELS))
        DATASET_IDX=$((IDV / NUM_MODELS))

        echo "Index $i: Dataset=${DATASETS[$DATASET_IDX]}, Model=${MODELS[$MODEL_IDX]}"
    done
    exit 0
fi

export HOME=/zhome/6b/e/212868
cd "$HOME/GTN"
source .venv/bin/activate

mkdir -p logs

IDV=$((LSB_JOBINDEX - 1))
MODEL_IDX=$((IDV % NUM_MODELS))
DATASET_IDX=$((IDV / NUM_MODELS))

CURRENT_DATASET=${DATASETS[$DATASET_IDX]}
CURRENT_MODEL=${MODELS[$MODEL_IDX]}
EXPERIMENT="uci_gtn_sweep"

echo "Task $LSB_JOBINDEX: Dataset=$CURRENT_DATASET, Model=$CURRENT_MODEL, Experiment=$EXPERIMENT"

export OMP_NUM_THREADS=4

(... more ...)
------------------------------------------------------------

Successfully completed.

Resource usage summary:

    CPU time :                                   16748.46 sec.
    Max Memory :                                 718 MB
    Average Memory :                             592.47 MB
    Total Requested Memory :                     4096.00 MB
    Delta Memory :                               3378.00 MB
    Max Swap :                                   -
    Max Processes :                              4
    Max Threads :                                14
    Run time :                                   4342 sec.
    Turnaround time :                            4342 sec.

The output (if any) is above this job summary.



PS:

Read file <logs/28345353_1.err> for stderr output of this job.

