Task 1: Dataset=adult, Model=cpda, Experiment=cpda_ntn_sweep
[2026-05-03 13:50:04,315][HYDRA] Launching 40 jobs locally
[2026-05-03 13:50:04,315][HYDRA] 	#0 : model.L=4 model.bond_dim=64 seed=42 trainer.ridge=5 trainer.ridge_decay=0.25 trainer.ridge_min=0.0001 +experiment=cpda_ntn_sweep model=cpda dataset=adult
[2026-05-03 13:50:04,639][utils.tracking][INFO] - Loaded 18722 tracked runs from runs_tracking.csv
[2026-05-03 13:50:04,643][__main__][INFO] - ⏭ SKIP CPDA/adult/NTN L=4 bd=64 seed=42 -> /zhome/6b/e/212868/GTN/outputs/ntn/adult/CPDA_rg5_init0.1/L4_bd64_seed42 | singular val=0.0854
[2026-05-03 13:50:04,647][HYDRA] 	#1 : model.L=4 model.bond_dim=64 seed=10090 trainer.ridge=5 trainer.ridge_decay=0.25 trainer.ridge_min=0.0001 +experiment=cpda_ntn_sweep model=cpda dataset=adult
[2026-05-03 13:50:04,831][__main__][INFO] - ⏭ SKIP CPDA/adult/NTN L=4 bd=64 seed=10090 -> /zhome/6b/e/212868/GTN/outputs/ntn/adult/CPDA_rg5_init0.1/L4_bd64_seed10090 | singular val=0.1805
[2026-05-03 13:50:04,834][HYDRA] 	#2 : model.L=4 model.bond_dim=64 seed=32874 trainer.ridge=5 trainer.ridge_decay=0.25 trainer.ridge_min=0.0001 +experiment=cpda_ntn_sweep model=cpda dataset=adult
[2026-05-03 13:50:05,005][__main__][INFO] - ⏭ SKIP CPDA/adult/NTN L=4 bd=64 seed=32874 -> /zhome/6b/e/212868/GTN/outputs/ntn/adult/CPDA_rg5_init0.1/L4_bd64_seed32874 | singular val=0.1106
[2026-05-03 13:50:05,008][HYDRA] 	#3 : model.L=4 model.bond_dim=64 seed=47311 trainer.ridge=5 trainer.ridge_decay=0.25 trainer.ridge_min=0.0001 +experiment=cpda_ntn_sweep model=cpda dataset=adult
[2026-05-03 13:50:05,167][__main__][INFO] - ⏭ SKIP CPDA/adult/NTN L=4 bd=64 seed=47311 -> /zhome/6b/e/212868/GTN/outputs/ntn/adult/CPDA_rg5_init0.1/L4_bd64_seed47311 | singular val=0.0857
[2026-05-03 13:50:05,170][HYDRA] 	#4 : model.L=4 model.bond_dim=64 seed=47303 trainer.ridge=5 trainer.ridge_decay=0.25 trainer.ridge_min=0.0001 +experiment=cpda_ntn_sweep model=cpda dataset=adult
[2026-05-03 13:50:05,331][__main__][INFO] - ⏭ SKIP CPDA/adult/NTN L=4 bd=64 seed=47303 -> /zhome/6b/e/212868/GTN/outputs/ntn/adult/CPDA_rg5_init0.1/L4_bd64_seed47303 | singular val=0.0846
[2026-05-03 13:50:05,334][HYDRA] 	#5 : model.L=4 model.bond_dim=32 seed=42 trainer.ridge=5 trainer.ridge_decay=0.25 trainer.ridge_min=0.0001 +experiment=cpda_ntn_sweep model=cpda dataset=adult
[2026-05-03 13:50:05,501][__main__][INFO] - ⏭ SKIP CPDA/adult/NTN L=4 bd=32 seed=42 -> /zhome/6b/e/212868/GTN/outputs/ntn/adult/CPDA_rg5_init0.1/L4_bd32_seed42 | singular val=0.0932
[2026-05-03 13:50:05,504][HYDRA] 	#6 : model.L=4 model.bond_dim=32 seed=10090 trainer.ridge=5 trainer.ridge_decay=0.25 trainer.ridge_min=0.0001 +experiment=cpda_ntn_sweep model=cpda dataset=adult
[2026-05-03 13:50:05,676][__main__][INFO] - ⏭ SKIP CPDA/adult/NTN L=4 bd=32 seed=10090 -> /zhome/6b/e/212868/GTN/outputs/ntn/adult/CPDA_rg5_init0.1/L4_bd32_seed10090 | singular val=0.1575
[2026-05-03 13:50:05,679][HYDRA] 	#7 : model.L=4 model.bond_dim=32 seed=32874 trainer.ridge=5 trainer.ridge_decay=0.25 trainer.ridge_min=0.0001 +experiment=cpda_ntn_sweep model=cpda dataset=adult
[2026-05-03 13:50:05,851][__main__][INFO] - ⏭ SKIP CPDA/adult/NTN L=4 bd=32 seed=32874 -> /zhome/6b/e/212868/GTN/outputs/ntn/adult/CPDA_rg5_init0.1/L4_bd32_seed32874 | singular val=0.1623
[2026-05-03 13:50:05,854][HYDRA] 	#8 : model.L=4 model.bond_dim=32 seed=47311 trainer.ridge=5 trainer.ridge_decay=0.25 trainer.ridge_min=0.0001 +experiment=cpda_ntn_sweep model=cpda dataset=adult
[2026-05-03 13:50:06,016][__main__][INFO] - ⏭ SKIP CPDA/adult/NTN L=4 bd=32 seed=47311 -> /zhome/6b/e/212868/GTN/outputs/ntn/adult/CPDA_rg5_init0.1/L4_bd32_seed47311 | singular val=0.1865
[2026-05-03 13:50:06,019][HYDRA] 	#9 : model.L=4 model.bond_dim=32 seed=47303 trainer.ridge=5 trainer.ridge_decay=0.25 trainer.ridge_min=0.0001 +experiment=cpda_ntn_sweep model=cpda dataset=adult
[2026-05-03 13:50:06,179][__main__][INFO] - ⏭ SKIP CPDA/adult/NTN L=4 bd=32 seed=47303 -> /zhome/6b/e/212868/GTN/outputs/ntn/adult/CPDA_rg5_init0.1/L4_bd32_seed47303 | singular val=0.1631
[2026-05-03 13:50:06,182][HYDRA] 	#10 : model.L=4 model.bond_dim=16 seed=42 trainer.ridge=5 trainer.ridge_decay=0.25 trainer.ridge_min=0.0001 +experiment=cpda_ntn_sweep model=cpda dataset=adult
[2026-05-03 13:50:06,346][__main__][INFO] - ⏭ SKIP CPDA/adult/NTN L=4 bd=16 seed=42 -> /zhome/6b/e/212868/GTN/outputs/ntn/adult/CPDA_rg5_init0.1/L4_bd16_seed42 | singular val=0.1196
[2026-05-03 13:50:06,348][HYDRA] 	#11 : model.L=4 model.bond_dim=16 seed=10090 trainer.ridge=5 trainer.ridge_decay=0.25 trainer.ridge_min=0.0001 +experiment=cpda_ntn_sweep model=cpda dataset=adult
[2026-05-03 13:50:06,505][__main__][INFO] - ⏭ SKIP CPDA/adult/NTN L=4 bd=16 seed=10090 -> /zhome/6b/e/212868/GTN/outputs/ntn/adult/CPDA_rg5_init0.1/L4_bd16_seed10090 | singular val=0.1784
[2026-05-03 13:50:06,507][HYDRA] 	#12 : model.L=4 model.bond_dim=16 seed=32874 trainer.ridge=5 trainer.ridge_decay=0.25 trainer.ridge_min=0.0001 +experiment=cpda_ntn_sweep model=cpda dataset=adult
[2026-05-03 13:50:06,671][__main__][INFO] - ⏭ SKIP CPDA/adult/NTN L=4 bd=16 seed=32874 -> /zhome/6b/e/212868/GTN/outputs/ntn/adult/CPDA_rg5_init0.1/L4_bd16_seed32874 | singular val=0.1413
[2026-05-03 13:50:06,673][HYDRA] 	#13 : model.L=4 model.bond_dim=16 seed=47311 trainer.ridge=5 trainer.ridge_decay=0.25 trainer.ridge_min=0.0001 +experiment=cpda_ntn_sweep model=cpda dataset=adult
[2026-05-03 13:50:06,836][__main__][INFO] - ⏭ SKIP CPDA/adult/NTN L=4 bd=16 seed=47311 -> /zhome/6b/e/212868/GTN/outputs/ntn/adult/CPDA_rg5_init0.1/L4_bd16_seed47311 | singular val=0.1630
[2026-05-03 13:50:06,838][HYDRA] 	#14 : model.L=4 model.bond_dim=16 seed=47303 trainer.ridge=5 trainer.ridge_decay=0.25 trainer.ridge_min=0.0001 +experiment=cpda_ntn_sweep model=cpda dataset=adult
[2026-05-03 13:50:06,999][__main__][INFO] - ⏭ SKIP CPDA/adult/NTN L=4 bd=16 seed=47303 -> /zhome/6b/e/212868/GTN/outputs/ntn/adult/CPDA_rg5_init0.1/L4_bd16_seed47303 | singular val=0.2312
[2026-05-03 13:50:07,002][HYDRA] 	#15 : model.L=4 model.bond_dim=8 seed=42 trainer.ridge=5 trainer.ridge_decay=0.25 trainer.ridge_min=0.0001 +experiment=cpda_ntn_sweep model=cpda dataset=adult
[2026-05-03 13:50:07,163][__main__][INFO] - ⏭ SKIP CPDA/adult/NTN L=4 bd=8 seed=42 -> /zhome/6b/e/212868/GTN/outputs/ntn/adult/CPDA_rg5_init0.1/L4_bd8_seed42 | singular val=0.1914
[2026-05-03 13:50:07,166][HYDRA] 	#16 : model.L=4 model.bond_dim=8 seed=10090 trainer.ridge=5 trainer.ridge_decay=0.25 trainer.ridge_min=0.0001 +experiment=cpda_ntn_sweep model=cpda dataset=adult
[2026-05-03 13:50:07,339][__main__][INFO] - ⏭ SKIP CPDA/adult/NTN L=4 bd=8 seed=10090 -> /zhome/6b/e/212868/GTN/outputs/ntn/adult/CPDA_rg5_init0.1/L4_bd8_seed10090 | singular val=0.1409
[2026-05-03 13:50:07,342][HYDRA] 	#17 : model.L=4 model.bond_dim=8 seed=32874 trainer.ridge=5 trainer.ridge_decay=0.25 trainer.ridge_min=0.0001 +experiment=cpda_ntn_sweep model=cpda dataset=adult
[2026-05-03 13:50:07,502][__main__][INFO] - ⏭ SKIP CPDA/adult/NTN L=4 bd=8 seed=32874 -> /zhome/6b/e/212868/GTN/outputs/ntn/adult/CPDA_rg5_init0.1/L4_bd8_seed32874 | singular val=0.1383
[2026-05-03 13:50:07,504][HYDRA] 	#18 : model.L=4 model.bond_dim=8 seed=47311 trainer.ridge=5 trainer.ridge_decay=0.25 trainer.ridge_min=0.0001 +experiment=cpda_ntn_sweep model=cpda dataset=adult
[2026-05-03 13:50:07,662][__main__][INFO] - ⏭ SKIP CPDA/adult/NTN L=4 bd=8 seed=47311 -> /zhome/6b/e/212868/GTN/outputs/ntn/adult/CPDA_rg5_init0.1/L4_bd8_seed47311 | singular val=0.0924
[2026-05-03 13:50:07,665][HYDRA] 	#19 : model.L=4 model.bond_dim=8 seed=47303 trainer.ridge=5 trainer.ridge_decay=0.25 trainer.ridge_min=0.0001 +experiment=cpda_ntn_sweep model=cpda dataset=adult
[2026-05-03 13:50:07,823][__main__][INFO] - ⏭ SKIP CPDA/adult/NTN L=4 bd=8 seed=47303 -> /zhome/6b/e/212868/GTN/outputs/ntn/adult/CPDA_rg5_init0.1/L4_bd8_seed47303 | singular val=0.1646
[2026-05-03 13:50:07,826][HYDRA] 	#20 : model.L=3 model.bond_dim=64 seed=42 trainer.ridge=5 trainer.ridge_decay=0.25 trainer.ridge_min=0.0001 +experiment=cpda_ntn_sweep model=cpda dataset=adult
[2026-05-03 13:50:07,988][__main__][INFO] - ⏭ SKIP CPDA/adult/NTN L=3 bd=64 seed=42 -> /zhome/6b/e/212868/GTN/outputs/ntn/adult/CPDA_rg5_init0.1/L3_bd64_seed42 | singular val=0.1769
[2026-05-03 13:50:07,991][HYDRA] 	#21 : model.L=3 model.bond_dim=64 seed=10090 trainer.ridge=5 trainer.ridge_decay=0.25 trainer.ridge_min=0.0001 +experiment=cpda_ntn_sweep model=cpda dataset=adult
[2026-05-03 13:50:08,151][__main__][INFO] - ⏭ SKIP CPDA/adult/NTN L=3 bd=64 seed=10090 -> /zhome/6b/e/212868/GTN/outputs/ntn/adult/CPDA_rg5_init0.1/L3_bd64_seed10090 | singular val=0.2031
[2026-05-03 13:50:08,154][HYDRA] 	#22 : model.L=3 model.bond_dim=64 seed=32874 trainer.ridge=5 trainer.ridge_decay=0.25 trainer.ridge_min=0.0001 +experiment=cpda_ntn_sweep model=cpda dataset=adult
[2026-05-03 13:50:08,529][__main__][INFO] - ⏭ SKIP CPDA/adult/NTN L=3 bd=64 seed=32874 -> /zhome/6b/e/212868/GTN/outputs/ntn/adult/CPDA_rg5_init0.1/L3_bd64_seed32874 | singular val=0.2415
[2026-05-03 13:50:08,532][HYDRA] 	#23 : model.L=3 model.bond_dim=64 seed=47311 trainer.ridge=5 trainer.ridge_decay=0.25 trainer.ridge_min=0.0001 +experiment=cpda_ntn_sweep model=cpda dataset=adult
[2026-05-03 13:50:08,689][__main__][INFO] - ⏭ SKIP CPDA/adult/NTN L=3 bd=64 seed=47311 -> /zhome/6b/e/212868/GTN/outputs/ntn/adult/CPDA_rg5_init0.1/L3_bd64_seed47311 | singular val=0.2989
[2026-05-03 13:50:08,692][HYDRA] 	#24 : model.L=3 model.bond_dim=64 seed=47303 trainer.ridge=5 trainer.ridge_decay=0.25 trainer.ridge_min=0.0001 +experiment=cpda_ntn_sweep model=cpda dataset=adult
[2026-05-03 13:50:08,854][__main__][INFO] - ⏭ SKIP CPDA/adult/NTN L=3 bd=64 seed=47303 -> /zhome/6b/e/212868/GTN/outputs/ntn/adult/CPDA_rg5_init0.1/L3_bd64_seed47303 | singular val=0.1835
[2026-05-03 13:50:08,856][HYDRA] 	#25 : model.L=3 model.bond_dim=32 seed=42 trainer.ridge=5 trainer.ridge_decay=0.25 trainer.ridge_min=0.0001 +experiment=cpda_ntn_sweep model=cpda dataset=adult
[2026-05-03 13:50:09,024][__main__][INFO] - ⏭ SKIP CPDA/adult/NTN L=3 bd=32 seed=42 -> /zhome/6b/e/212868/GTN/outputs/ntn/adult/CPDA_rg5_init0.1/L3_bd32_seed42 | singular val=0.1575
[2026-05-03 13:50:09,027][HYDRA] 	#26 : model.L=3 model.bond_dim=32 seed=10090 trainer.ridge=5 trainer.ridge_decay=0.25 trainer.ridge_min=0.0001 +experiment=cpda_ntn_sweep model=cpda dataset=adult
[2026-05-03 13:50:09,181][__main__][INFO] - ⏭ SKIP CPDA/adult/NTN L=3 bd=32 seed=10090 -> /zhome/6b/e/212868/GTN/outputs/ntn/adult/CPDA_rg5_init0.1/L3_bd32_seed10090 | singular val=0.2209
[2026-05-03 13:50:09,183][HYDRA] 	#27 : model.L=3 model.bond_dim=32 seed=32874 trainer.ridge=5 trainer.ridge_decay=0.25 trainer.ridge_min=0.0001 +experiment=cpda_ntn_sweep model=cpda dataset=adult
[2026-05-03 13:50:09,337][__main__][INFO] - ⏭ SKIP CPDA/adult/NTN L=3 bd=32 seed=32874 -> /zhome/6b/e/212868/GTN/outputs/ntn/adult/CPDA_rg5_init0.1/L3_bd32_seed32874 | singular val=0.2211
[2026-05-03 13:50:09,340][HYDRA] 	#28 : model.L=3 model.bond_dim=32 seed=47311 trainer.ridge=5 trainer.ridge_decay=0.25 trainer.ridge_min=0.0001 +experiment=cpda_ntn_sweep model=cpda dataset=adult
[2026-05-03 13:50:09,494][__main__][INFO] - ⏭ SKIP CPDA/adult/NTN L=3 bd=32 seed=47311 -> /zhome/6b/e/212868/GTN/outputs/ntn/adult/CPDA_rg5_init0.1/L3_bd32_seed47311 | singular val=0.2082
[2026-05-03 13:50:09,496][HYDRA] 	#29 : model.L=3 model.bond_dim=32 seed=47303 trainer.ridge=5 trainer.ridge_decay=0.25 trainer.ridge_min=0.0001 +experiment=cpda_ntn_sweep model=cpda dataset=adult
[2026-05-03 13:50:09,656][__main__][INFO] - ⏭ SKIP CPDA/adult/NTN L=3 bd=32 seed=47303 -> /zhome/6b/e/212868/GTN/outputs/ntn/adult/CPDA_rg5_init0.1/L3_bd32_seed47303 | singular val=0.1474
[2026-05-03 13:50:09,659][HYDRA] 	#30 : model.L=3 model.bond_dim=16 seed=42 trainer.ridge=5 trainer.ridge_decay=0.25 trainer.ridge_min=0.0001 +experiment=cpda_ntn_sweep model=cpda dataset=adult
[2026-05-03 13:50:09,838][__main__][INFO] - ⏭ SKIP CPDA/adult/NTN L=3 bd=16 seed=42 -> /zhome/6b/e/212868/GTN/outputs/ntn/adult/CPDA_rg5_init0.1/L3_bd16_seed42 | singular val=0.2105
[2026-05-03 13:50:09,841][HYDRA] 	#31 : model.L=3 model.bond_dim=16 seed=10090 trainer.ridge=5 trainer.ridge_decay=0.25 trainer.ridge_min=0.0001 +experiment=cpda_ntn_sweep model=cpda dataset=adult
[2026-05-03 13:50:10,003][__main__][INFO] - ⏭ SKIP CPDA/adult/NTN L=3 bd=16 seed=10090 -> /zhome/6b/e/212868/GTN/outputs/ntn/adult/CPDA_rg5_init0.1/L3_bd16_seed10090 | singular val=0.2071
[2026-05-03 13:50:10,006][HYDRA] 	#32 : model.L=3 model.bond_dim=16 seed=32874 trainer.ridge=5 trainer.ridge_decay=0.25 trainer.ridge_min=0.0001 +experiment=cpda_ntn_sweep model=cpda dataset=adult
[2026-05-03 13:50:10,169][__main__][INFO] - ⏭ SKIP CPDA/adult/NTN L=3 bd=16 seed=32874 -> /zhome/6b/e/212868/GTN/outputs/ntn/adult/CPDA_rg5_init0.1/L3_bd16_seed32874 | singular val=0.1796
[2026-05-03 13:50:10,172][HYDRA] 	#33 : model.L=3 model.bond_dim=16 seed=47311 trainer.ridge=5 trainer.ridge_decay=0.25 trainer.ridge_min=0.0001 +experiment=cpda_ntn_sweep model=cpda dataset=adult
[2026-05-03 13:50:10,333][__main__][INFO] - ⏭ SKIP CPDA/adult/NTN L=3 bd=16 seed=47311 -> /zhome/6b/e/212868/GTN/outputs/ntn/adult/CPDA_rg5_init0.1/L3_bd16_seed47311 | singular val=0.2598
[2026-05-03 13:50:10,336][HYDRA] 	#34 : model.L=3 model.bond_dim=16 seed=47303 trainer.ridge=5 trainer.ridge_decay=0.25 trainer.ridge_min=0.0001 +experiment=cpda_ntn_sweep model=cpda dataset=adult
[2026-05-03 13:50:10,498][__main__][INFO] - ⏭ SKIP CPDA/adult/NTN L=3 bd=16 seed=47303 -> /zhome/6b/e/212868/GTN/outputs/ntn/adult/CPDA_rg5_init0.1/L3_bd16_seed47303 | singular val=0.2318
[2026-05-03 13:50:10,500][HYDRA] 	#35 : model.L=3 model.bond_dim=8 seed=42 trainer.ridge=5 trainer.ridge_decay=0.25 trainer.ridge_min=0.0001 +experiment=cpda_ntn_sweep model=cpda dataset=adult
[2026-05-03 13:50:10,660][__main__][INFO] - ⏭ SKIP CPDA/adult/NTN L=3 bd=8 seed=42 -> /zhome/6b/e/212868/GTN/outputs/ntn/adult/CPDA_rg5_init0.1/L3_bd8_seed42 | previous run failed with singular matrix (permanent) val=0.2547
[2026-05-03 13:50:10,663][HYDRA] 	#36 : model.L=3 model.bond_dim=8 seed=10090 trainer.ridge=5 trainer.ridge_decay=0.25 trainer.ridge_min=0.0001 +experiment=cpda_ntn_sweep model=cpda dataset=adult
[2026-05-03 13:50:10,818][__main__][INFO] - ♻ RETRY CPDA/adult/NTN L=3 bd=8 seed=10090 -> /zhome/6b/e/212868/GTN/outputs/ntn/adult/CPDA_rg5_init0.1/L3_bd8_seed10090 | previous OOM error, retrying (best val_quality=0.1493311493311493)
[2026-05-03 13:50:10,820][__main__][INFO] - ⏭ SKIP CPDA/adult/NTN L=3 bd=8 seed=10090 -> /zhome/6b/e/212868/GTN/outputs/ntn/adult/CPDA_rg5_init0.1/L3_bd8_seed10090 | singular val=0.1493
[2026-05-03 13:50:10,823][HYDRA] 	#37 : model.L=3 model.bond_dim=8 seed=32874 trainer.ridge=5 trainer.ridge_decay=0.25 trainer.ridge_min=0.0001 +experiment=cpda_ntn_sweep model=cpda dataset=adult
[2026-05-03 13:50:10,980][__main__][INFO] - ⏭ SKIP CPDA/adult/NTN L=3 bd=8 seed=32874 -> /zhome/6b/e/212868/GTN/outputs/ntn/adult/CPDA_rg5_init0.1/L3_bd8_seed32874 | singular val=0.1848
[2026-05-03 13:50:10,983][HYDRA] 	#38 : model.L=3 model.bond_dim=8 seed=47311 trainer.ridge=5 trainer.ridge_decay=0.25 trainer.ridge_min=0.0001 +experiment=cpda_ntn_sweep model=cpda dataset=adult
[2026-05-03 13:50:11,140][__main__][INFO] - ⏭ SKIP CPDA/adult/NTN L=3 bd=8 seed=47311 -> /zhome/6b/e/212868/GTN/outputs/ntn/adult/CPDA_rg5_init0.1/L3_bd8_seed47311 | singular val=0.2174
[2026-05-03 13:50:11,143][HYDRA] 	#39 : model.L=3 model.bond_dim=8 seed=47303 trainer.ridge=5 trainer.ridge_decay=0.25 trainer.ridge_min=0.0001 +experiment=cpda_ntn_sweep model=cpda dataset=adult
[2026-05-03 13:50:11,302][__main__][INFO] - ⏭ SKIP CPDA/adult/NTN L=3 bd=8 seed=47303 -> /zhome/6b/e/212868/GTN/outputs/ntn/adult/CPDA_rg5_init0.1/L3_bd8_seed47303 | singular val=0.1918

------------------------------------------------------------
Sender: LSF System <lsfadmin@hpc.dtu.dk>
Subject: Job 28341043[1]: <ntn_grid_full[1-150]%20> in cluster <dcc> Done

Job <ntn_grid_full[1-150]%20> was submitted from host <hpclogin1> by user <nicci> in cluster <dcc> at Sun May  3 13:49:48 2026
Job was executed on host(s) <6*n-62-28-34>, in queue <hpc>, as user <nicci> in cluster <dcc> at Sun May  3 13:49:49 2026
</zhome/6b/e/212868> was used as the home directory.
</zhome/6b/e/212868/GTN> was used as the working directory.
Started at Sun May  3 13:49:49 2026
Terminated at Sun May  3 13:50:12 2026
Results reported at Sun May  3 13:50:12 2026

Your job looked like:

------------------------------------------------------------
# LSBATCH: User input
#!/bin/bash
#BSUB -q hpc
#BSUB -J "ntn_grid_full[1-150]%20"
#BSUB -W 8:00
#BSUB -n 6
#BSUB -R "rusage[mem=3GB]"
#BSUB -R "span[hosts=1]"
#BSUB -o logs/%J_%I.out
#BSUB -e logs/%J_%I.err

MODELS=("cpda" "cpda_typei" "lmpo2" "lmpo2_typei" "mpo2" "mpo2_typei" "mmpo2" "mmpo2_typei" "tnml_f" "tnml_p")

DATASETS=(
    "abalone" "adult" "ai4i" "appliances" "bank" "bike" "breast"
    "car_evaluation" "concrete" "energy_efficiency" "hearth"
    "iris" "mushrooms" "obesity" "popularity" "realstate"
    "seoulBike" "student_dropout" "student_perf" "wine"
    "winequalityc"
)

COMPLETED_DATASETS=(
    "abalone" "bike" "concrete" "energy_efficiency"
    "iris" "realstate" )

# Filter datasets
FILTERED_DATASETS=()
for ds in "${DATASETS[@]}"; do
    skip=false
    for completed in "${COMPLETED_DATASETS[@]}"; do
        if [[ "$ds" == "$completed" ]]; then
            skip=true
            break
        fi
    done

    if ! $skip; then
        FILTERED_DATASETS+=("$ds")
    fi
done

DATASETS=("${FILTERED_DATASETS[@]}")

NUM_MODELS=${#MODELS[@]}
NUM_DATASETS=${#DATASETS[@]}
NUM_EXPERIMENTS=$((NUM_DATASETS * NUM_MODELS))

if [ "$1" == "test" ]; then
    echo "SIMULATING ARRAY:"
    echo "-----------------"


(... more ...)
------------------------------------------------------------

Successfully completed.

Resource usage summary:

    CPU time :                                   16.12 sec.
    Max Memory :                                 388 MB
    Average Memory :                             388.00 MB
    Total Requested Memory :                     18432.00 MB
    Delta Memory :                               18044.00 MB
    Max Swap :                                   -
    Max Processes :                              4
    Max Threads :                                15
    Run time :                                   23 sec.
    Turnaround time :                            24 sec.

The output (if any) is above this job summary.



PS:

Read file <logs/28341043_1.err> for stderr output of this job.

