Task 1: Dataset=adult, Model=cpda, Experiment=cpda_ntn_sweep
[2026-05-04 07:33:40,537][HYDRA] Launching 40 jobs locally
[2026-05-04 07:33:40,538][HYDRA] 	#0 : model.L=4 model.bond_dim=64 seed=42 trainer.ridge=5 trainer.ridge_decay=0.25 trainer.ridge_min=0.0001 +experiment=cpda_ntn_sweep model=cpda dataset=adult
[2026-05-04 07:33:40,832][utils.tracking][INFO] - Loaded 18906 tracked runs from runs_tracking.csv
[2026-05-04 07:33:40,834][__main__][INFO] - ⏭ SKIP CPDA/adult/NTN L=4 bd=64 seed=42 -> /zhome/6b/e/212868/GTN/outputs/ntn/adult/CPDA_rg5_init0.1/L4_bd64_seed42 | previous run failed with singular matrix (permanent) val=0.0854
[2026-05-04 07:33:40,838][HYDRA] 	#1 : model.L=4 model.bond_dim=64 seed=10090 trainer.ridge=5 trainer.ridge_decay=0.25 trainer.ridge_min=0.0001 +experiment=cpda_ntn_sweep model=cpda dataset=adult
[2026-05-04 07:33:41,001][__main__][INFO] - ⏭ SKIP CPDA/adult/NTN L=4 bd=64 seed=10090 -> /zhome/6b/e/212868/GTN/outputs/ntn/adult/CPDA_rg5_init0.1/L4_bd64_seed10090 | previous run failed with singular matrix (permanent) val=0.1805
[2026-05-04 07:33:41,004][HYDRA] 	#2 : model.L=4 model.bond_dim=64 seed=32874 trainer.ridge=5 trainer.ridge_decay=0.25 trainer.ridge_min=0.0001 +experiment=cpda_ntn_sweep model=cpda dataset=adult
[2026-05-04 07:33:41,166][__main__][INFO] - ⏭ SKIP CPDA/adult/NTN L=4 bd=64 seed=32874 -> /zhome/6b/e/212868/GTN/outputs/ntn/adult/CPDA_rg5_init0.1/L4_bd64_seed32874 | previous run failed with singular matrix (permanent) val=0.1106
[2026-05-04 07:33:41,168][HYDRA] 	#3 : model.L=4 model.bond_dim=64 seed=47311 trainer.ridge=5 trainer.ridge_decay=0.25 trainer.ridge_min=0.0001 +experiment=cpda_ntn_sweep model=cpda dataset=adult
[2026-05-04 07:33:41,329][__main__][INFO] - ⏭ SKIP CPDA/adult/NTN L=4 bd=64 seed=47311 -> /zhome/6b/e/212868/GTN/outputs/ntn/adult/CPDA_rg5_init0.1/L4_bd64_seed47311 | previous run failed with singular matrix (permanent) val=0.0857
[2026-05-04 07:33:41,332][HYDRA] 	#4 : model.L=4 model.bond_dim=64 seed=47303 trainer.ridge=5 trainer.ridge_decay=0.25 trainer.ridge_min=0.0001 +experiment=cpda_ntn_sweep model=cpda dataset=adult
[2026-05-04 07:33:41,495][__main__][INFO] - ⏭ SKIP CPDA/adult/NTN L=4 bd=64 seed=47303 -> /zhome/6b/e/212868/GTN/outputs/ntn/adult/CPDA_rg5_init0.1/L4_bd64_seed47303 | previous run failed with singular matrix (permanent) val=0.0846
[2026-05-04 07:33:41,498][HYDRA] 	#5 : model.L=4 model.bond_dim=32 seed=42 trainer.ridge=5 trainer.ridge_decay=0.25 trainer.ridge_min=0.0001 +experiment=cpda_ntn_sweep model=cpda dataset=adult
[2026-05-04 07:33:41,660][__main__][INFO] - ⏭ SKIP CPDA/adult/NTN L=4 bd=32 seed=42 -> /zhome/6b/e/212868/GTN/outputs/ntn/adult/CPDA_rg5_init0.1/L4_bd32_seed42 | previous run failed with singular matrix (permanent) val=0.0932
[2026-05-04 07:33:41,663][HYDRA] 	#6 : model.L=4 model.bond_dim=32 seed=10090 trainer.ridge=5 trainer.ridge_decay=0.25 trainer.ridge_min=0.0001 +experiment=cpda_ntn_sweep model=cpda dataset=adult
[2026-05-04 07:33:41,835][__main__][INFO] - ⏭ SKIP CPDA/adult/NTN L=4 bd=32 seed=10090 -> /zhome/6b/e/212868/GTN/outputs/ntn/adult/CPDA_rg5_init0.1/L4_bd32_seed10090 | previous run failed with singular matrix (permanent) val=0.1575
[2026-05-04 07:33:41,838][HYDRA] 	#7 : model.L=4 model.bond_dim=32 seed=32874 trainer.ridge=5 trainer.ridge_decay=0.25 trainer.ridge_min=0.0001 +experiment=cpda_ntn_sweep model=cpda dataset=adult
[2026-05-04 07:33:42,007][__main__][INFO] - ⏭ SKIP CPDA/adult/NTN L=4 bd=32 seed=32874 -> /zhome/6b/e/212868/GTN/outputs/ntn/adult/CPDA_rg5_init0.1/L4_bd32_seed32874 | previous run failed with singular matrix (permanent) val=0.1623
[2026-05-04 07:33:42,010][HYDRA] 	#8 : model.L=4 model.bond_dim=32 seed=47311 trainer.ridge=5 trainer.ridge_decay=0.25 trainer.ridge_min=0.0001 +experiment=cpda_ntn_sweep model=cpda dataset=adult
[2026-05-04 07:33:42,170][__main__][INFO] - ⏭ SKIP CPDA/adult/NTN L=4 bd=32 seed=47311 -> /zhome/6b/e/212868/GTN/outputs/ntn/adult/CPDA_rg5_init0.1/L4_bd32_seed47311 | previous run failed with singular matrix (permanent) val=0.1865
[2026-05-04 07:33:42,173][HYDRA] 	#9 : model.L=4 model.bond_dim=32 seed=47303 trainer.ridge=5 trainer.ridge_decay=0.25 trainer.ridge_min=0.0001 +experiment=cpda_ntn_sweep model=cpda dataset=adult
[2026-05-04 07:33:42,347][__main__][INFO] - ⏭ SKIP CPDA/adult/NTN L=4 bd=32 seed=47303 -> /zhome/6b/e/212868/GTN/outputs/ntn/adult/CPDA_rg5_init0.1/L4_bd32_seed47303 | previous run failed with singular matrix (permanent) val=0.1631
[2026-05-04 07:33:42,350][HYDRA] 	#10 : model.L=4 model.bond_dim=16 seed=42 trainer.ridge=5 trainer.ridge_decay=0.25 trainer.ridge_min=0.0001 +experiment=cpda_ntn_sweep model=cpda dataset=adult
[2026-05-04 07:33:42,506][__main__][INFO] - ⏭ SKIP CPDA/adult/NTN L=4 bd=16 seed=42 -> /zhome/6b/e/212868/GTN/outputs/ntn/adult/CPDA_rg5_init0.1/L4_bd16_seed42 | previous run failed with singular matrix (permanent) val=0.1196
[2026-05-04 07:33:42,509][HYDRA] 	#11 : model.L=4 model.bond_dim=16 seed=10090 trainer.ridge=5 trainer.ridge_decay=0.25 trainer.ridge_min=0.0001 +experiment=cpda_ntn_sweep model=cpda dataset=adult
[2026-05-04 07:33:42,667][__main__][INFO] - ⏭ SKIP CPDA/adult/NTN L=4 bd=16 seed=10090 -> /zhome/6b/e/212868/GTN/outputs/ntn/adult/CPDA_rg5_init0.1/L4_bd16_seed10090 | previous run failed with singular matrix (permanent) val=0.1784
[2026-05-04 07:33:42,670][HYDRA] 	#12 : model.L=4 model.bond_dim=16 seed=32874 trainer.ridge=5 trainer.ridge_decay=0.25 trainer.ridge_min=0.0001 +experiment=cpda_ntn_sweep model=cpda dataset=adult
[2026-05-04 07:33:42,827][__main__][INFO] - ⏭ SKIP CPDA/adult/NTN L=4 bd=16 seed=32874 -> /zhome/6b/e/212868/GTN/outputs/ntn/adult/CPDA_rg5_init0.1/L4_bd16_seed32874 | previous run failed with singular matrix (permanent) val=0.1413
[2026-05-04 07:33:42,830][HYDRA] 	#13 : model.L=4 model.bond_dim=16 seed=47311 trainer.ridge=5 trainer.ridge_decay=0.25 trainer.ridge_min=0.0001 +experiment=cpda_ntn_sweep model=cpda dataset=adult
[2026-05-04 07:33:42,995][__main__][INFO] - ⏭ SKIP CPDA/adult/NTN L=4 bd=16 seed=47311 -> /zhome/6b/e/212868/GTN/outputs/ntn/adult/CPDA_rg5_init0.1/L4_bd16_seed47311 | previous run failed with singular matrix (permanent) val=0.1630
[2026-05-04 07:33:42,999][HYDRA] 	#14 : model.L=4 model.bond_dim=16 seed=47303 trainer.ridge=5 trainer.ridge_decay=0.25 trainer.ridge_min=0.0001 +experiment=cpda_ntn_sweep model=cpda dataset=adult
[2026-05-04 07:33:43,170][__main__][INFO] - ⏭ SKIP CPDA/adult/NTN L=4 bd=16 seed=47303 -> /zhome/6b/e/212868/GTN/outputs/ntn/adult/CPDA_rg5_init0.1/L4_bd16_seed47303 | previous run failed with singular matrix (permanent) val=0.2312
[2026-05-04 07:33:43,172][HYDRA] 	#15 : model.L=4 model.bond_dim=8 seed=42 trainer.ridge=5 trainer.ridge_decay=0.25 trainer.ridge_min=0.0001 +experiment=cpda_ntn_sweep model=cpda dataset=adult
[2026-05-04 07:33:43,330][__main__][INFO] - ⏭ SKIP CPDA/adult/NTN L=4 bd=8 seed=42 -> /zhome/6b/e/212868/GTN/outputs/ntn/adult/CPDA_rg5_init0.1/L4_bd8_seed42 | previous run failed with singular matrix (permanent) val=0.1914
[2026-05-04 07:33:43,333][HYDRA] 	#16 : model.L=4 model.bond_dim=8 seed=10090 trainer.ridge=5 trainer.ridge_decay=0.25 trainer.ridge_min=0.0001 +experiment=cpda_ntn_sweep model=cpda dataset=adult
[2026-05-04 07:33:43,613][__main__][INFO] - ⏭ SKIP CPDA/adult/NTN L=4 bd=8 seed=10090 -> /zhome/6b/e/212868/GTN/outputs/ntn/adult/CPDA_rg5_init0.1/L4_bd8_seed10090 | previous run failed with singular matrix (permanent) val=0.1409
[2026-05-04 07:33:43,617][HYDRA] 	#17 : model.L=4 model.bond_dim=8 seed=32874 trainer.ridge=5 trainer.ridge_decay=0.25 trainer.ridge_min=0.0001 +experiment=cpda_ntn_sweep model=cpda dataset=adult
[2026-05-04 07:33:43,780][__main__][INFO] - ⏭ SKIP CPDA/adult/NTN L=4 bd=8 seed=32874 -> /zhome/6b/e/212868/GTN/outputs/ntn/adult/CPDA_rg5_init0.1/L4_bd8_seed32874 | previous run failed with singular matrix (permanent) val=0.1383
[2026-05-04 07:33:43,783][HYDRA] 	#18 : model.L=4 model.bond_dim=8 seed=47311 trainer.ridge=5 trainer.ridge_decay=0.25 trainer.ridge_min=0.0001 +experiment=cpda_ntn_sweep model=cpda dataset=adult
[2026-05-04 07:33:43,943][__main__][INFO] - ⏭ SKIP CPDA/adult/NTN L=4 bd=8 seed=47311 -> /zhome/6b/e/212868/GTN/outputs/ntn/adult/CPDA_rg5_init0.1/L4_bd8_seed47311 | previous run failed with singular matrix (permanent) val=0.0924
[2026-05-04 07:33:43,946][HYDRA] 	#19 : model.L=4 model.bond_dim=8 seed=47303 trainer.ridge=5 trainer.ridge_decay=0.25 trainer.ridge_min=0.0001 +experiment=cpda_ntn_sweep model=cpda dataset=adult
[2026-05-04 07:33:44,110][__main__][INFO] - ⏭ SKIP CPDA/adult/NTN L=4 bd=8 seed=47303 -> /zhome/6b/e/212868/GTN/outputs/ntn/adult/CPDA_rg5_init0.1/L4_bd8_seed47303 | previous run failed with singular matrix (permanent) val=0.1646
[2026-05-04 07:33:44,113][HYDRA] 	#20 : model.L=3 model.bond_dim=64 seed=42 trainer.ridge=5 trainer.ridge_decay=0.25 trainer.ridge_min=0.0001 +experiment=cpda_ntn_sweep model=cpda dataset=adult
[2026-05-04 07:33:44,286][__main__][INFO] - ⏭ SKIP CPDA/adult/NTN L=3 bd=64 seed=42 -> /zhome/6b/e/212868/GTN/outputs/ntn/adult/CPDA_rg5_init0.1/L3_bd64_seed42 | previous run failed with singular matrix (permanent) val=0.1769
[2026-05-04 07:33:44,289][HYDRA] 	#21 : model.L=3 model.bond_dim=64 seed=10090 trainer.ridge=5 trainer.ridge_decay=0.25 trainer.ridge_min=0.0001 +experiment=cpda_ntn_sweep model=cpda dataset=adult
[2026-05-04 07:33:44,447][__main__][INFO] - ⏭ SKIP CPDA/adult/NTN L=3 bd=64 seed=10090 -> /zhome/6b/e/212868/GTN/outputs/ntn/adult/CPDA_rg5_init0.1/L3_bd64_seed10090 | previous run failed with singular matrix (permanent) val=0.2031
[2026-05-04 07:33:44,450][HYDRA] 	#22 : model.L=3 model.bond_dim=64 seed=32874 trainer.ridge=5 trainer.ridge_decay=0.25 trainer.ridge_min=0.0001 +experiment=cpda_ntn_sweep model=cpda dataset=adult
[2026-05-04 07:33:44,607][__main__][INFO] - ⏭ SKIP CPDA/adult/NTN L=3 bd=64 seed=32874 -> /zhome/6b/e/212868/GTN/outputs/ntn/adult/CPDA_rg5_init0.1/L3_bd64_seed32874 | previous run failed with singular matrix (permanent) val=0.2415
[2026-05-04 07:33:44,610][HYDRA] 	#23 : model.L=3 model.bond_dim=64 seed=47311 trainer.ridge=5 trainer.ridge_decay=0.25 trainer.ridge_min=0.0001 +experiment=cpda_ntn_sweep model=cpda dataset=adult
[2026-05-04 07:33:44,769][__main__][INFO] - ⏭ SKIP CPDA/adult/NTN L=3 bd=64 seed=47311 -> /zhome/6b/e/212868/GTN/outputs/ntn/adult/CPDA_rg5_init0.1/L3_bd64_seed47311 | previous run failed with singular matrix (permanent) val=0.2989
[2026-05-04 07:33:44,772][HYDRA] 	#24 : model.L=3 model.bond_dim=64 seed=47303 trainer.ridge=5 trainer.ridge_decay=0.25 trainer.ridge_min=0.0001 +experiment=cpda_ntn_sweep model=cpda dataset=adult
[2026-05-04 07:33:45,185][__main__][INFO] - ⏭ SKIP CPDA/adult/NTN L=3 bd=64 seed=47303 -> /zhome/6b/e/212868/GTN/outputs/ntn/adult/CPDA_rg5_init0.1/L3_bd64_seed47303 | previous run failed with singular matrix (permanent) val=0.1835
[2026-05-04 07:33:45,188][HYDRA] 	#25 : model.L=3 model.bond_dim=32 seed=42 trainer.ridge=5 trainer.ridge_decay=0.25 trainer.ridge_min=0.0001 +experiment=cpda_ntn_sweep model=cpda dataset=adult
[2026-05-04 07:33:45,347][__main__][INFO] - ⏭ SKIP CPDA/adult/NTN L=3 bd=32 seed=42 -> /zhome/6b/e/212868/GTN/outputs/ntn/adult/CPDA_rg5_init0.1/L3_bd32_seed42 | previous run failed with singular matrix (permanent) val=0.1575
[2026-05-04 07:33:45,349][HYDRA] 	#26 : model.L=3 model.bond_dim=32 seed=10090 trainer.ridge=5 trainer.ridge_decay=0.25 trainer.ridge_min=0.0001 +experiment=cpda_ntn_sweep model=cpda dataset=adult
[2026-05-04 07:33:45,509][__main__][INFO] - ⏭ SKIP CPDA/adult/NTN L=3 bd=32 seed=10090 -> /zhome/6b/e/212868/GTN/outputs/ntn/adult/CPDA_rg5_init0.1/L3_bd32_seed10090 | previous run failed with singular matrix (permanent) val=0.2209
[2026-05-04 07:33:45,512][HYDRA] 	#27 : model.L=3 model.bond_dim=32 seed=32874 trainer.ridge=5 trainer.ridge_decay=0.25 trainer.ridge_min=0.0001 +experiment=cpda_ntn_sweep model=cpda dataset=adult
[2026-05-04 07:33:45,672][__main__][INFO] - ⏭ SKIP CPDA/adult/NTN L=3 bd=32 seed=32874 -> /zhome/6b/e/212868/GTN/outputs/ntn/adult/CPDA_rg5_init0.1/L3_bd32_seed32874 | previous run failed with singular matrix (permanent) val=0.2211
[2026-05-04 07:33:45,674][HYDRA] 	#28 : model.L=3 model.bond_dim=32 seed=47311 trainer.ridge=5 trainer.ridge_decay=0.25 trainer.ridge_min=0.0001 +experiment=cpda_ntn_sweep model=cpda dataset=adult
[2026-05-04 07:33:45,836][__main__][INFO] - ⏭ SKIP CPDA/adult/NTN L=3 bd=32 seed=47311 -> /zhome/6b/e/212868/GTN/outputs/ntn/adult/CPDA_rg5_init0.1/L3_bd32_seed47311 | previous run failed with singular matrix (permanent) val=0.2082
[2026-05-04 07:33:45,839][HYDRA] 	#29 : model.L=3 model.bond_dim=32 seed=47303 trainer.ridge=5 trainer.ridge_decay=0.25 trainer.ridge_min=0.0001 +experiment=cpda_ntn_sweep model=cpda dataset=adult
[2026-05-04 07:33:46,000][__main__][INFO] - ⏭ SKIP CPDA/adult/NTN L=3 bd=32 seed=47303 -> /zhome/6b/e/212868/GTN/outputs/ntn/adult/CPDA_rg5_init0.1/L3_bd32_seed47303 | previous run failed with singular matrix (permanent) val=0.1474
[2026-05-04 07:33:46,003][HYDRA] 	#30 : model.L=3 model.bond_dim=16 seed=42 trainer.ridge=5 trainer.ridge_decay=0.25 trainer.ridge_min=0.0001 +experiment=cpda_ntn_sweep model=cpda dataset=adult
[2026-05-04 07:33:46,167][__main__][INFO] - ⏭ SKIP CPDA/adult/NTN L=3 bd=16 seed=42 -> /zhome/6b/e/212868/GTN/outputs/ntn/adult/CPDA_rg5_init0.1/L3_bd16_seed42 | previous run failed with singular matrix (permanent) val=0.2105
[2026-05-04 07:33:46,170][HYDRA] 	#31 : model.L=3 model.bond_dim=16 seed=10090 trainer.ridge=5 trainer.ridge_decay=0.25 trainer.ridge_min=0.0001 +experiment=cpda_ntn_sweep model=cpda dataset=adult
[2026-05-04 07:33:46,334][__main__][INFO] - ⏭ SKIP CPDA/adult/NTN L=3 bd=16 seed=10090 -> /zhome/6b/e/212868/GTN/outputs/ntn/adult/CPDA_rg5_init0.1/L3_bd16_seed10090 | previous run failed with singular matrix (permanent) val=0.2071
[2026-05-04 07:33:46,337][HYDRA] 	#32 : model.L=3 model.bond_dim=16 seed=32874 trainer.ridge=5 trainer.ridge_decay=0.25 trainer.ridge_min=0.0001 +experiment=cpda_ntn_sweep model=cpda dataset=adult
[2026-05-04 07:33:46,497][__main__][INFO] - ⏭ SKIP CPDA/adult/NTN L=3 bd=16 seed=32874 -> /zhome/6b/e/212868/GTN/outputs/ntn/adult/CPDA_rg5_init0.1/L3_bd16_seed32874 | previous run failed with singular matrix (permanent) val=0.1796
[2026-05-04 07:33:46,500][HYDRA] 	#33 : model.L=3 model.bond_dim=16 seed=47311 trainer.ridge=5 trainer.ridge_decay=0.25 trainer.ridge_min=0.0001 +experiment=cpda_ntn_sweep model=cpda dataset=adult
[2026-05-04 07:33:46,659][__main__][INFO] - ⏭ SKIP CPDA/adult/NTN L=3 bd=16 seed=47311 -> /zhome/6b/e/212868/GTN/outputs/ntn/adult/CPDA_rg5_init0.1/L3_bd16_seed47311 | previous run failed with singular matrix (permanent) val=0.2598
[2026-05-04 07:33:46,662][HYDRA] 	#34 : model.L=3 model.bond_dim=16 seed=47303 trainer.ridge=5 trainer.ridge_decay=0.25 trainer.ridge_min=0.0001 +experiment=cpda_ntn_sweep model=cpda dataset=adult
[2026-05-04 07:33:46,822][__main__][INFO] - ⏭ SKIP CPDA/adult/NTN L=3 bd=16 seed=47303 -> /zhome/6b/e/212868/GTN/outputs/ntn/adult/CPDA_rg5_init0.1/L3_bd16_seed47303 | previous run failed with singular matrix (permanent) val=0.2318
[2026-05-04 07:33:46,825][HYDRA] 	#35 : model.L=3 model.bond_dim=8 seed=42 trainer.ridge=5 trainer.ridge_decay=0.25 trainer.ridge_min=0.0001 +experiment=cpda_ntn_sweep model=cpda dataset=adult
[2026-05-04 07:33:47,028][__main__][INFO] - ⏭ SKIP CPDA/adult/NTN L=3 bd=8 seed=42 -> /zhome/6b/e/212868/GTN/outputs/ntn/adult/CPDA_rg5_init0.1/L3_bd8_seed42 | previous run failed with singular matrix (permanent) val=0.2547
[2026-05-04 07:33:47,050][HYDRA] 	#36 : model.L=3 model.bond_dim=8 seed=10090 trainer.ridge=5 trainer.ridge_decay=0.25 trainer.ridge_min=0.0001 +experiment=cpda_ntn_sweep model=cpda dataset=adult
[2026-05-04 07:33:47,223][__main__][INFO] - ⏭ SKIP CPDA/adult/NTN L=3 bd=8 seed=10090 -> /zhome/6b/e/212868/GTN/outputs/ntn/adult/CPDA_rg5_init0.1/L3_bd8_seed10090 | previous run failed with singular matrix (permanent) val=0.1493
[2026-05-04 07:33:47,226][HYDRA] 	#37 : model.L=3 model.bond_dim=8 seed=32874 trainer.ridge=5 trainer.ridge_decay=0.25 trainer.ridge_min=0.0001 +experiment=cpda_ntn_sweep model=cpda dataset=adult
[2026-05-04 07:33:47,388][__main__][INFO] - ⏭ SKIP CPDA/adult/NTN L=3 bd=8 seed=32874 -> /zhome/6b/e/212868/GTN/outputs/ntn/adult/CPDA_rg5_init0.1/L3_bd8_seed32874 | previous run failed with singular matrix (permanent) val=0.1848
[2026-05-04 07:33:47,391][HYDRA] 	#38 : model.L=3 model.bond_dim=8 seed=47311 trainer.ridge=5 trainer.ridge_decay=0.25 trainer.ridge_min=0.0001 +experiment=cpda_ntn_sweep model=cpda dataset=adult
[2026-05-04 07:33:47,554][__main__][INFO] - ⏭ SKIP CPDA/adult/NTN L=3 bd=8 seed=47311 -> /zhome/6b/e/212868/GTN/outputs/ntn/adult/CPDA_rg5_init0.1/L3_bd8_seed47311 | previous run failed with singular matrix (permanent) val=0.2174
[2026-05-04 07:33:47,557][HYDRA] 	#39 : model.L=3 model.bond_dim=8 seed=47303 trainer.ridge=5 trainer.ridge_decay=0.25 trainer.ridge_min=0.0001 +experiment=cpda_ntn_sweep model=cpda dataset=adult
[2026-05-04 07:33:47,715][__main__][INFO] - ⏭ SKIP CPDA/adult/NTN L=3 bd=8 seed=47303 -> /zhome/6b/e/212868/GTN/outputs/ntn/adult/CPDA_rg5_init0.1/L3_bd8_seed47303 | previous run failed with singular matrix (permanent) val=0.1918

------------------------------------------------------------
Sender: LSF System <lsfadmin@hpc.dtu.dk>
Subject: Job 28342909[1]: <ntn_grid_full[1-110]%20> in cluster <dcc> Done

Job <ntn_grid_full[1-110]%20> was submitted from host <hpclogin1> by user <nicci> in cluster <dcc> at Mon May  4 07:33:04 2026
Job was executed on host(s) <6*n-62-31-15>, in queue <hpc>, as user <nicci> in cluster <dcc> at Mon May  4 07:33:06 2026
</zhome/6b/e/212868> was used as the home directory.
</zhome/6b/e/212868/GTN> was used as the working directory.
Started at Mon May  4 07:33:06 2026
Terminated at Mon May  4 07:33:48 2026
Results reported at Mon May  4 07:33:48 2026

Your job looked like:

------------------------------------------------------------
# LSBATCH: User input
#!/bin/bash
#BSUB -q hpc
#BSUB -J "ntn_grid_full[1-110]%20"
#BSUB -W 8:00
#BSUB -n 6
#BSUB -R "rusage[mem=5GB]"
#BSUB -R "span[hosts=1]"
#BSUB -o logs/%J_%I.out
#BSUB -e logs/%J_%I.err

MODELS=("cpda" "cpda_typei" "lmpo2" "lmpo2_typei" "mpo2" "mpo2_typei" "mmpo2" "mmpo2_typei" "tnml_f" "tnml_p")

DATASETS=(
    "abalone" "adult" "ai4i" "appliances" "bank" "bike" "breast"
    "car_evaluation" "concrete" "energy_efficiency" "hearth"
    "iris" "mushrooms" "obesity" "popularity" "realstate"
    "seoulBike" "student_dropout" "student_perf" "wine"
    "winequalityc"
)

COMPLETED_DATASETS=(
    "abalone" "ai4i" "hearth" "wine" "winequalityc" "bike" "concrete" "energy_efficiency"
    "iris" "realstate" )

# Filter datasets
FILTERED_DATASETS=()
for ds in "${DATASETS[@]}"; do
    skip=false
    for completed in "${COMPLETED_DATASETS[@]}"; do
        if [[ "$ds" == "$completed" ]]; then
            skip=true
            break
        fi
    done

    if ! $skip; then
        FILTERED_DATASETS+=("$ds")
    fi
done

DATASETS=("${FILTERED_DATASETS[@]}")

NUM_MODELS=${#MODELS[@]}
NUM_DATASETS=${#DATASETS[@]}
NUM_EXPERIMENTS=$((NUM_DATASETS * NUM_MODELS))

if [ "$1" == "test" ]; then
    echo "SIMULATING ARRAY:"
    echo "-----------------"


(... more ...)
------------------------------------------------------------

Successfully completed.

Resource usage summary:

    CPU time :                                   19.87 sec.
    Max Memory :                                 237 MB
    Average Memory :                             237.00 MB
    Total Requested Memory :                     30720.00 MB
    Delta Memory :                               30483.00 MB
    Max Swap :                                   -
    Max Processes :                              4
    Max Threads :                                10
    Run time :                                   42 sec.
    Turnaround time :                            44 sec.

The output (if any) is above this job summary.



PS:

Read file <logs/28342909_1.err> for stderr output of this job.

