Task 1: Dataset=iris, Model=cpda, Experiment=cpda_ntn_sweep
[2026-05-05 12:27:09,173][HYDRA] Launching 30 jobs locally
[2026-05-05 12:27:09,174][HYDRA] 	#0 : model.L=4 model.bond_dim=32 seed=42 trainer.ridge=5 trainer.ridge_decay=0.25 trainer.ridge_min=0.0001 +experiment=cpda_ntn_sweep model=cpda dataset=iris
[2026-05-05 12:27:09,650][utils.tracking][INFO] - Loaded 13074 tracked runs from runs_tracking.csv
[2026-05-05 12:27:09,652][__main__][INFO] - ⏭ SKIP CPDA/iris/NTN L=4 bd=32 seed=42 -> /zhome/6b/e/212868/GTN/outputs/ntn/iris/CPDA_rg5_init0.1/L4_bd32_seed42 | previous run failed with singular matrix (permanent) val=1.0000
[2026-05-05 12:27:09,655][HYDRA] 	#1 : model.L=4 model.bond_dim=32 seed=10090 trainer.ridge=5 trainer.ridge_decay=0.25 trainer.ridge_min=0.0001 +experiment=cpda_ntn_sweep model=cpda dataset=iris
[2026-05-05 12:27:09,825][__main__][INFO] - ⏭ SKIP CPDA/iris/NTN L=4 bd=32 seed=10090 -> /zhome/6b/e/212868/GTN/outputs/ntn/iris/CPDA_rg5_init0.1/L4_bd32_seed10090 | previous run failed with singular matrix (permanent) val=0.8636
[2026-05-05 12:27:09,829][HYDRA] 	#2 : model.L=4 model.bond_dim=32 seed=32874 trainer.ridge=5 trainer.ridge_decay=0.25 trainer.ridge_min=0.0001 +experiment=cpda_ntn_sweep model=cpda dataset=iris
[2026-05-05 12:27:09,998][__main__][INFO] - ⏭ SKIP CPDA/iris/NTN L=4 bd=32 seed=32874 -> /zhome/6b/e/212868/GTN/outputs/ntn/iris/CPDA_rg5_init0.1/L4_bd32_seed32874 | previous run failed with singular matrix (permanent) val=0.8636
[2026-05-05 12:27:10,000][HYDRA] 	#3 : model.L=4 model.bond_dim=32 seed=47311 trainer.ridge=5 trainer.ridge_decay=0.25 trainer.ridge_min=0.0001 +experiment=cpda_ntn_sweep model=cpda dataset=iris
[2026-05-05 12:27:10,168][__main__][INFO] - ⏭ SKIP CPDA/iris/NTN L=4 bd=32 seed=47311 -> /zhome/6b/e/212868/GTN/outputs/ntn/iris/CPDA_rg5_init0.1/L4_bd32_seed47311 | previous run failed with singular matrix (permanent) val=1.0000
[2026-05-05 12:27:10,171][HYDRA] 	#4 : model.L=4 model.bond_dim=32 seed=47303 trainer.ridge=5 trainer.ridge_decay=0.25 trainer.ridge_min=0.0001 +experiment=cpda_ntn_sweep model=cpda dataset=iris
[2026-05-05 12:27:10,338][__main__][INFO] - ⏭ SKIP CPDA/iris/NTN L=4 bd=32 seed=47303 -> /zhome/6b/e/212868/GTN/outputs/ntn/iris/CPDA_rg5_init0.1/L4_bd32_seed47303 | previous run failed with singular matrix (permanent) val=1.0000
[2026-05-05 12:27:10,341][HYDRA] 	#5 : model.L=4 model.bond_dim=16 seed=42 trainer.ridge=5 trainer.ridge_decay=0.25 trainer.ridge_min=0.0001 +experiment=cpda_ntn_sweep model=cpda dataset=iris
[2026-05-05 12:27:10,528][__main__][INFO] - ⏭ SKIP CPDA/iris/NTN L=4 bd=16 seed=42 -> /zhome/6b/e/212868/GTN/outputs/ntn/iris/CPDA_rg5_init0.1/L4_bd16_seed42 | previous run failed with singular matrix (permanent) val=1.0000
[2026-05-05 12:27:10,531][HYDRA] 	#6 : model.L=4 model.bond_dim=16 seed=10090 trainer.ridge=5 trainer.ridge_decay=0.25 trainer.ridge_min=0.0001 +experiment=cpda_ntn_sweep model=cpda dataset=iris
[2026-05-05 12:27:10,736][__main__][INFO] - ⏭ SKIP CPDA/iris/NTN L=4 bd=16 seed=10090 -> /zhome/6b/e/212868/GTN/outputs/ntn/iris/CPDA_rg5_init0.1/L4_bd16_seed10090 | previous run failed with singular matrix (permanent) val=1.0000
[2026-05-05 12:27:10,739][HYDRA] 	#7 : model.L=4 model.bond_dim=16 seed=32874 trainer.ridge=5 trainer.ridge_decay=0.25 trainer.ridge_min=0.0001 +experiment=cpda_ntn_sweep model=cpda dataset=iris
[2026-05-05 12:27:10,924][__main__][INFO] - ⏭ SKIP CPDA/iris/NTN L=4 bd=16 seed=32874 -> /zhome/6b/e/212868/GTN/outputs/ntn/iris/CPDA_rg5_init0.1/L4_bd16_seed32874 | previous run failed with singular matrix (permanent) val=1.0000
[2026-05-05 12:27:10,927][HYDRA] 	#8 : model.L=4 model.bond_dim=16 seed=47311 trainer.ridge=5 trainer.ridge_decay=0.25 trainer.ridge_min=0.0001 +experiment=cpda_ntn_sweep model=cpda dataset=iris
[2026-05-05 12:27:11,119][__main__][INFO] - ⏭ SKIP CPDA/iris/NTN L=4 bd=16 seed=47311 -> /zhome/6b/e/212868/GTN/outputs/ntn/iris/CPDA_rg5_init0.1/L4_bd16_seed47311 | previous run failed with singular matrix (permanent) val=1.0000
[2026-05-05 12:27:11,122][HYDRA] 	#9 : model.L=4 model.bond_dim=16 seed=47303 trainer.ridge=5 trainer.ridge_decay=0.25 trainer.ridge_min=0.0001 +experiment=cpda_ntn_sweep model=cpda dataset=iris
[2026-05-05 12:27:11,290][__main__][INFO] - ⏭ SKIP CPDA/iris/NTN L=4 bd=16 seed=47303 -> /zhome/6b/e/212868/GTN/outputs/ntn/iris/CPDA_rg5_init0.1/L4_bd16_seed47303 | previous run failed with singular matrix (permanent) val=1.0000
[2026-05-05 12:27:11,293][HYDRA] 	#10 : model.L=4 model.bond_dim=8 seed=42 trainer.ridge=5 trainer.ridge_decay=0.25 trainer.ridge_min=0.0001 +experiment=cpda_ntn_sweep model=cpda dataset=iris
[2026-05-05 12:27:11,463][__main__][INFO] - ⏭ SKIP CPDA/iris/NTN L=4 bd=8 seed=42 -> /zhome/6b/e/212868/GTN/outputs/ntn/iris/CPDA_rg5_init0.1/L4_bd8_seed42 | previous run failed with singular matrix (permanent) val=1.0000
[2026-05-05 12:27:11,466][HYDRA] 	#11 : model.L=4 model.bond_dim=8 seed=10090 trainer.ridge=5 trainer.ridge_decay=0.25 trainer.ridge_min=0.0001 +experiment=cpda_ntn_sweep model=cpda dataset=iris
[2026-05-05 12:27:11,633][__main__][INFO] - ⏭ SKIP CPDA/iris/NTN L=4 bd=8 seed=10090 -> /zhome/6b/e/212868/GTN/outputs/ntn/iris/CPDA_rg5_init0.1/L4_bd8_seed10090 | previous run failed with singular matrix (permanent) val=1.0000
[2026-05-05 12:27:11,636][HYDRA] 	#12 : model.L=4 model.bond_dim=8 seed=32874 trainer.ridge=5 trainer.ridge_decay=0.25 trainer.ridge_min=0.0001 +experiment=cpda_ntn_sweep model=cpda dataset=iris
[2026-05-05 12:27:11,810][__main__][INFO] - ⏭ SKIP CPDA/iris/NTN L=4 bd=8 seed=32874 -> /zhome/6b/e/212868/GTN/outputs/ntn/iris/CPDA_rg5_init0.1/L4_bd8_seed32874 | already completed successfully (val_quality=1.0) val=1.0000
[2026-05-05 12:27:11,812][HYDRA] 	#13 : model.L=4 model.bond_dim=8 seed=47311 trainer.ridge=5 trainer.ridge_decay=0.25 trainer.ridge_min=0.0001 +experiment=cpda_ntn_sweep model=cpda dataset=iris
[2026-05-05 12:27:11,989][__main__][INFO] - ⏭ SKIP CPDA/iris/NTN L=4 bd=8 seed=47311 -> /zhome/6b/e/212868/GTN/outputs/ntn/iris/CPDA_rg5_init0.1/L4_bd8_seed47311 | previous run failed with singular matrix (permanent) val=1.0000
[2026-05-05 12:27:11,992][HYDRA] 	#14 : model.L=4 model.bond_dim=8 seed=47303 trainer.ridge=5 trainer.ridge_decay=0.25 trainer.ridge_min=0.0001 +experiment=cpda_ntn_sweep model=cpda dataset=iris
[2026-05-05 12:27:12,172][__main__][INFO] - ⏭ SKIP CPDA/iris/NTN L=4 bd=8 seed=47303 -> /zhome/6b/e/212868/GTN/outputs/ntn/iris/CPDA_rg5_init0.1/L4_bd8_seed47303 | previous run failed with singular matrix (permanent) val=1.0000
[2026-05-05 12:27:12,176][HYDRA] 	#15 : model.L=3 model.bond_dim=32 seed=42 trainer.ridge=5 trainer.ridge_decay=0.25 trainer.ridge_min=0.0001 +experiment=cpda_ntn_sweep model=cpda dataset=iris
[2026-05-05 12:27:12,350][__main__][INFO] - ⏭ SKIP CPDA/iris/NTN L=3 bd=32 seed=42 -> /zhome/6b/e/212868/GTN/outputs/ntn/iris/CPDA_rg5_init0.1/L3_bd32_seed42 | previous run failed with singular matrix (permanent) val=1.0000
[2026-05-05 12:27:12,353][HYDRA] 	#16 : model.L=3 model.bond_dim=32 seed=10090 trainer.ridge=5 trainer.ridge_decay=0.25 trainer.ridge_min=0.0001 +experiment=cpda_ntn_sweep model=cpda dataset=iris
[2026-05-05 12:27:12,522][__main__][INFO] - ⏭ SKIP CPDA/iris/NTN L=3 bd=32 seed=10090 -> /zhome/6b/e/212868/GTN/outputs/ntn/iris/CPDA_rg5_init0.1/L3_bd32_seed10090 | previous run failed with singular matrix (permanent) val=1.0000
[2026-05-05 12:27:12,525][HYDRA] 	#17 : model.L=3 model.bond_dim=32 seed=32874 trainer.ridge=5 trainer.ridge_decay=0.25 trainer.ridge_min=0.0001 +experiment=cpda_ntn_sweep model=cpda dataset=iris
[2026-05-05 12:27:12,698][__main__][INFO] - ⏭ SKIP CPDA/iris/NTN L=3 bd=32 seed=32874 -> /zhome/6b/e/212868/GTN/outputs/ntn/iris/CPDA_rg5_init0.1/L3_bd32_seed32874 | previous run failed with singular matrix (permanent) val=1.0000
[2026-05-05 12:27:12,701][HYDRA] 	#18 : model.L=3 model.bond_dim=32 seed=47311 trainer.ridge=5 trainer.ridge_decay=0.25 trainer.ridge_min=0.0001 +experiment=cpda_ntn_sweep model=cpda dataset=iris
[2026-05-05 12:27:12,872][__main__][INFO] - ⏭ SKIP CPDA/iris/NTN L=3 bd=32 seed=47311 -> /zhome/6b/e/212868/GTN/outputs/ntn/iris/CPDA_rg5_init0.1/L3_bd32_seed47311 | previous run failed with singular matrix (permanent) val=1.0000
[2026-05-05 12:27:12,875][HYDRA] 	#19 : model.L=3 model.bond_dim=32 seed=47303 trainer.ridge=5 trainer.ridge_decay=0.25 trainer.ridge_min=0.0001 +experiment=cpda_ntn_sweep model=cpda dataset=iris
[2026-05-05 12:27:13,044][__main__][INFO] - ⏭ SKIP CPDA/iris/NTN L=3 bd=32 seed=47303 -> /zhome/6b/e/212868/GTN/outputs/ntn/iris/CPDA_rg5_init0.1/L3_bd32_seed47303 | previous run failed with singular matrix (permanent) val=1.0000
[2026-05-05 12:27:13,047][HYDRA] 	#20 : model.L=3 model.bond_dim=16 seed=42 trainer.ridge=5 trainer.ridge_decay=0.25 trainer.ridge_min=0.0001 +experiment=cpda_ntn_sweep model=cpda dataset=iris
[2026-05-05 12:27:13,214][__main__][INFO] - ⏭ SKIP CPDA/iris/NTN L=3 bd=16 seed=42 -> /zhome/6b/e/212868/GTN/outputs/ntn/iris/CPDA_rg5_init0.1/L3_bd16_seed42 | previous run failed with singular matrix (permanent) val=1.0000
[2026-05-05 12:27:13,218][HYDRA] 	#21 : model.L=3 model.bond_dim=16 seed=10090 trainer.ridge=5 trainer.ridge_decay=0.25 trainer.ridge_min=0.0001 +experiment=cpda_ntn_sweep model=cpda dataset=iris
[2026-05-05 12:27:13,386][__main__][INFO] - ⏭ SKIP CPDA/iris/NTN L=3 bd=16 seed=10090 -> /zhome/6b/e/212868/GTN/outputs/ntn/iris/CPDA_rg5_init0.1/L3_bd16_seed10090 | already completed successfully (val_quality=1.0) val=1.0000
[2026-05-05 12:27:13,389][HYDRA] 	#22 : model.L=3 model.bond_dim=16 seed=32874 trainer.ridge=5 trainer.ridge_decay=0.25 trainer.ridge_min=0.0001 +experiment=cpda_ntn_sweep model=cpda dataset=iris
[2026-05-05 12:27:13,567][__main__][INFO] - ⏭ SKIP CPDA/iris/NTN L=3 bd=16 seed=32874 -> /zhome/6b/e/212868/GTN/outputs/ntn/iris/CPDA_rg5_init0.1/L3_bd16_seed32874 | previous run failed with singular matrix (permanent) val=1.0000
[2026-05-05 12:27:13,570][HYDRA] 	#23 : model.L=3 model.bond_dim=16 seed=47311 trainer.ridge=5 trainer.ridge_decay=0.25 trainer.ridge_min=0.0001 +experiment=cpda_ntn_sweep model=cpda dataset=iris
[2026-05-05 12:27:13,765][__main__][INFO] - ⏭ SKIP CPDA/iris/NTN L=3 bd=16 seed=47311 -> /zhome/6b/e/212868/GTN/outputs/ntn/iris/CPDA_rg5_init0.1/L3_bd16_seed47311 | previous run failed with singular matrix (permanent) val=1.0000
[2026-05-05 12:27:13,768][HYDRA] 	#24 : model.L=3 model.bond_dim=16 seed=47303 trainer.ridge=5 trainer.ridge_decay=0.25 trainer.ridge_min=0.0001 +experiment=cpda_ntn_sweep model=cpda dataset=iris
[2026-05-05 12:27:13,937][__main__][INFO] - ⏭ SKIP CPDA/iris/NTN L=3 bd=16 seed=47303 -> /zhome/6b/e/212868/GTN/outputs/ntn/iris/CPDA_rg5_init0.1/L3_bd16_seed47303 | already completed successfully (val_quality=1.0) val=1.0000
[2026-05-05 12:27:13,941][HYDRA] 	#25 : model.L=3 model.bond_dim=8 seed=42 trainer.ridge=5 trainer.ridge_decay=0.25 trainer.ridge_min=0.0001 +experiment=cpda_ntn_sweep model=cpda dataset=iris
[2026-05-05 12:27:14,109][__main__][INFO] - ⏭ SKIP CPDA/iris/NTN L=3 bd=8 seed=42 -> /zhome/6b/e/212868/GTN/outputs/ntn/iris/CPDA_rg5_init0.1/L3_bd8_seed42 | previous run failed with singular matrix (permanent) val=1.0000
[2026-05-05 12:27:14,112][HYDRA] 	#26 : model.L=3 model.bond_dim=8 seed=10090 trainer.ridge=5 trainer.ridge_decay=0.25 trainer.ridge_min=0.0001 +experiment=cpda_ntn_sweep model=cpda dataset=iris
[2026-05-05 12:27:14,496][__main__][INFO] - ⏭ SKIP CPDA/iris/NTN L=3 bd=8 seed=10090 -> /zhome/6b/e/212868/GTN/outputs/ntn/iris/CPDA_rg5_init0.1/L3_bd8_seed10090 | previous run failed with singular matrix (permanent) val=1.0000
[2026-05-05 12:27:14,499][HYDRA] 	#27 : model.L=3 model.bond_dim=8 seed=32874 trainer.ridge=5 trainer.ridge_decay=0.25 trainer.ridge_min=0.0001 +experiment=cpda_ntn_sweep model=cpda dataset=iris
[2026-05-05 12:27:14,666][__main__][INFO] - ⏭ SKIP CPDA/iris/NTN L=3 bd=8 seed=32874 -> /zhome/6b/e/212868/GTN/outputs/ntn/iris/CPDA_rg5_init0.1/L3_bd8_seed32874 | previous run failed with singular matrix (permanent) val=1.0000
[2026-05-05 12:27:14,668][HYDRA] 	#28 : model.L=3 model.bond_dim=8 seed=47311 trainer.ridge=5 trainer.ridge_decay=0.25 trainer.ridge_min=0.0001 +experiment=cpda_ntn_sweep model=cpda dataset=iris
[2026-05-05 12:27:14,856][__main__][INFO] - ⏭ SKIP CPDA/iris/NTN L=3 bd=8 seed=47311 -> /zhome/6b/e/212868/GTN/outputs/ntn/iris/CPDA_rg5_init0.1/L3_bd8_seed47311 | previous run failed with singular matrix (permanent) val=1.0000
[2026-05-05 12:27:14,859][HYDRA] 	#29 : model.L=3 model.bond_dim=8 seed=47303 trainer.ridge=5 trainer.ridge_decay=0.25 trainer.ridge_min=0.0001 +experiment=cpda_ntn_sweep model=cpda dataset=iris
[2026-05-05 12:27:15,069][__main__][INFO] - ⏭ SKIP CPDA/iris/NTN L=3 bd=8 seed=47303 -> /zhome/6b/e/212868/GTN/outputs/ntn/iris/CPDA_rg5_init0.1/L3_bd8_seed47303 | already completed successfully (val_quality=1.0) val=1.0000

------------------------------------------------------------
Sender: LSF System <lsfadmin@hpc.dtu.dk>
Subject: Job 28358285[1]: <ntn_grid_full[1-120]%20> in cluster <dcc> Done

Job <ntn_grid_full[1-120]%20> was submitted from host <hpclogin1> by user <nicci> in cluster <dcc> at Tue May  5 12:26:57 2026
Job was executed on host(s) <6*n-62-21-11>, in queue <hpc>, as user <nicci> in cluster <dcc> at Tue May  5 12:26:58 2026
</zhome/6b/e/212868> was used as the home directory.
</zhome/6b/e/212868/GTN> was used as the working directory.
Started at Tue May  5 12:26:58 2026
Terminated at Tue May  5 12:27:15 2026
Results reported at Tue May  5 12:27:15 2026

Your job looked like:

------------------------------------------------------------
# LSBATCH: User input
#!/bin/bash
#BSUB -q hpc
#BSUB -J "ntn_grid_full[1-120]%20"
#BSUB -W 6:00
#BSUB -n 6
#BSUB -R "rusage[mem=1GB]"
#BSUB -R "span[hosts=1]"
#BSUB -o logs/%J_%I_cpu_newntn.out
#BSUB -e logs/%J_%I_cpu_newntn.err

MODELS=("cpda" "cpda_typei" "lmpo2" "lmpo2_typei" "mpo2" "mpo2_typei" "mmpo2" "mmpo2_typei" "tnml_f" "tnml_p")

DATASETS=(
    "iris"
    "realstate"
    "concrete"
    "energy_efficiency"
    "breast"
    "car_evaluation"
    "wine"
    #medium
    # "winequalityc"
    "abalone"
    "appliances"
    "bank"
    "hearth"
    "student_perf"
    # BIG MAYBE?
    # "bike"
    # "obesity"
    # "student_dropout"
    # "adult"
    # "seoulBike"
    # "ai4i"
    # "mushrooms"
    # "popularity"
)

NUM_MODELS=${#MODELS[@]}
NUM_DATASETS=${#DATASETS[@]}
NUM_EXPERIMENTS=$((NUM_DATASETS * NUM_MODELS))

if [ "$1" == "test" ]; then
    echo "SIMULATING ARRAY:"
    echo "-----------------"

    for ((i=1; i<=NUM_EXPERIMENTS; i++)); do
        IDV=$((i - 1))
        MODEL_IDX=$((IDV % NUM_MODELS))
        DATASET_IDX=$((IDV / NUM_MODELS))

(... more ...)
------------------------------------------------------------

Successfully completed.

Resource usage summary:

    CPU time :                                   15.17 sec.
    Max Memory :                                 393 MB
    Average Memory :                             393.00 MB
    Total Requested Memory :                     6144.00 MB
    Delta Memory :                               5751.00 MB
    Max Swap :                                   -
    Max Processes :                              4
    Max Threads :                                15
    Run time :                                   17 sec.
    Turnaround time :                            18 sec.

The output (if any) is above this job summary.



PS:

Read file <logs/28358285_1_cpu_newntn.err> for stderr output of this job.

